Order ID,Order Date,Customer ID,Region,Product ID,Sales,Quantity,Profit
CA-2016-138688,6/12/2016,DV-13045,West,OFF-LA-10000240,14.62,2,6.8714
CA-2014-115812,6/9/2014,BH-11710,West,FUR-FU-10001487,48.86,7,14.1694
CA-2014-115812,6/9/2014,BH-11710,West,OFF-AR-10002833,7.28,4,1.9656
CA-2014-115812,6/9/2014,BH-11710,West,TEC-PH-10002275,907.152,6,90.7152
CA-2014-115812,6/9/2014,BH-11710,West,OFF-BI-10003910,18.504,3,5.7825
CA-2014-115812,6/9/2014,BH-11710,West,OFF-AP-10002892,114.9,5,34.47
CA-2014-115812,6/9/2014,BH-11710,West,FUR-TA-10001539,1706.184,9,85.3092
CA-2014-115812,6/9/2014,BH-11710,West,TEC-PH-10002033,911.424,4,68.3568
CA-2016-161389,12/5/2016,IM-15070,West,OFF-BI-10003656,407.976,3,132.5922
CA-2014-167164,5/13/2014,AG-10270,West,OFF-ST-10000107,55.5,2,9.99
CA-2014-143336,8/27/2014,ZD-21925,West,OFF-AR-10003056,8.56,2,2.4824
CA-2014-143336,8/27/2014,ZD-21925,West,TEC-PH-10001949,213.48,3,16.011
CA-2014-143336,8/27/2014,ZD-21925,West,OFF-BI-10002215,22.72,4,7.384
CA-2015-106320,9/25/2015,EB-13870,West,FUR-TA-10000577,1044.63,3,240.2649
CA-2016-121755,1/16/2016,EH-13945,West,OFF-BI-10001634,11.648,2,4.2224
CA-2016-121755,1/16/2016,EH-13945,West,TEC-AC-10003027,90.57,3,11.7741
CA-2016-101343,7/17/2016,RA-19885,West,OFF-ST-10003479,77.88,2,3.894
CA-2015-135545,11/24/2015,KM-16720,West,TEC-AC-10004633,13.98,2,6.1512
CA-2015-135545,11/24/2015,KM-16720,West,OFF-BI-10001078,25.824,6,9.3612
CA-2015-135545,11/24/2015,KM-16720,West,OFF-PA-10003892,146.73,3,68.9631
CA-2015-135545,11/24/2015,KM-16720,West,FUR-FU-10000397,79.76,4,22.3328
CA-2014-106376,12/5/2014,BS-11590,West,OFF-AR-10002671,1113.024,8,111.3024
CA-2014-106376,12/5/2014,BS-11590,West,TEC-PH-10002726,167.968,4,62.988
CA-2014-139451,10/12/2014,DN-13690,West,OFF-AR-10002053,14.9,5,4.172
CA-2014-139451,10/12/2014,DN-13690,West,OFF-ST-10002370,21.39,1,6.2031
CA-2016-109806,9/17/2016,JS-15685,West,OFF-AR-10004930,20.1,3,6.633
CA-2016-109806,9/17/2016,JS-15685,West,TEC-PH-10004093,73.584,2,8.2782
CA-2016-109806,9/17/2016,JS-15685,West,OFF-PA-10000304,6.48,1,3.1104
US-2017-109484,11/6/2017,RB-19705,West,OFF-BI-10004738,5.682,1,-3.788
CA-2017-157833,6/17/2017,KD-16345,West,OFF-BI-10001721,51.312,3,17.9592
US-2015-156867,11/13/2015,LC-16870,West,TEC-AC-10001552,238.896,6,-26.8758
US-2015-156867,11/13/2015,LC-16870,West,FUR-FU-10004006,102.36,3,-3.8385
US-2015-156867,11/13/2015,LC-16870,West,OFF-BI-10002794,36.882,3,-25.8174
CA-2015-110457,3/2/2015,DK-13090,West,FUR-TA-10001768,787.53,3,165.3813
US-2017-107272,11/5/2017,TS-21610,West,OFF-BI-10003274,2.388,2,-1.8308
US-2017-107272,11/5/2017,TS-21610,West,OFF-ST-10002974,243.992,7,30.499
US-2016-125969,11/6/2016,LS-16975,West,FUR-CH-10001146,81.424,2,-9.1602
US-2016-125969,11/6/2016,LS-16975,West,FUR-FU-10003773,238.56,3,26.2416
CA-2016-145583,10/13/2016,LC-16885,West,OFF-PA-10001804,20.04,3,9.6192
CA-2016-145583,10/13/2016,LC-16885,West,OFF-PA-10001736,35.44,1,16.6568
CA-2016-145583,10/13/2016,LC-16885,West,OFF-AR-10001149,11.52,4,3.456
CA-2016-145583,10/13/2016,LC-16885,West,OFF-FA-10002988,4.02,2,1.9698
CA-2016-145583,10/13/2016,LC-16885,West,OFF-BI-10004781,76.176,3,26.6616
CA-2016-145583,10/13/2016,LC-16885,West,OFF-SU-10001218,65.88,6,18.4464
CA-2016-145583,10/13/2016,LC-16885,West,FUR-FU-10001706,43.12,14,20.6976
CA-2017-106180,9/18/2017,SH-19975,West,OFF-AR-10000940,8.82,3,2.3814
CA-2017-106180,9/18/2017,SH-19975,West,OFF-EN-10004030,10.86,3,5.1042
CA-2017-106180,9/18/2017,SH-19975,West,OFF-PA-10004327,143.7,3,68.976
CA-2015-110744,9/7/2015,HA-14920,West,OFF-ST-10003656,671.93,7,20.1579
CA-2016-158834,3/13/2016,TW-21025,West,OFF-AP-10000326,157.92,5,17.766
CA-2016-158834,3/13/2016,TW-21025,West,TEC-PH-10001254,203.184,2,15.2388
CA-2015-124919,5/31/2015,SP-20650,West,OFF-PA-10001950,58.38,7,26.271
CA-2015-124919,5/31/2015,SP-20650,West,OFF-PA-10002254,105.52,4,48.5392
CA-2015-124919,5/31/2015,SP-20650,West,OFF-ST-10001590,80.88,6,21.0288
CA-2015-118948,5/28/2015,NK-18490,West,OFF-AR-10001547,6.63,3,1.7901
CA-2014-104269,3/1/2014,DB-13060,West,FUR-CH-10004063,457.568,2,51.4764
CA-2016-162733,5/11/2016,TT-21070,West,OFF-PA-10002751,5.98,1,2.691
CA-2016-154508,11/16/2016,RD-19900,West,OFF-EN-10001990,28.4,5,13.348
CA-2016-113817,11/7/2016,MJ-17740,West,OFF-BI-10004002,27.68,2,9.688
CA-2014-118962,8/5/2014,CS-12130,West,OFF-PA-10000659,20.94,3,9.8418
CA-2014-118962,8/5/2014,CS-12130,West,OFF-PA-10001144,110.96,2,53.2608
CA-2014-118962,8/5/2014,CS-12130,West,FUR-CH-10003817,340.144,7,21.259
CA-2014-123260,8/26/2014,FM-14290,West,TEC-AC-10002323,176.8,8,22.984
CA-2015-131457,10/31/2015,MZ-17515,West,OFF-EN-10001509,14.28,7,6.7116
CA-2014-133690,8/3/2014,BS-11755,West,FUR-TA-10004289,218.75,2,-161.875
CA-2014-133690,8/3/2014,BS-11755,West,OFF-AP-10003622,2.6,1,0.2925
CA-2017-108329,12/9/2017,LE-16810,West,TEC-PH-10001918,444.768,4,44.4768
CA-2016-130162,10/28/2016,JH-15910,West,OFF-ST-10001328,93.06,6,26.0568
CA-2016-130162,10/28/2016,JH-15910,West,TEC-PH-10002563,302.376,3,22.6782
CA-2017-160514,11/12/2017,DB-13120,West,OFF-PA-10002479,10.56,2,4.752
CA-2016-154739,12/10/2016,LH-17155,West,FUR-CH-10002965,321.568,2,28.1372
CA-2016-145625,9/11/2016,KC-16540,West,OFF-PA-10004569,7.61,1,3.5767
CA-2016-145625,9/11/2016,KC-16540,West,TEC-AC-10003832,3347.37,13,636.0003
CA-2015-155040,11/10/2015,AH-10210,West,TEC-AC-10004469,79.9,2,35.156
CA-2017-163979,12/28/2017,KH-16690,West,OFF-ST-10003208,725.84,4,210.4936
CA-2015-155334,7/30/2015,HA-14920,West,TEC-AC-10003628,209.93,7,92.3692
CA-2015-155334,7/30/2015,HA-14920,West,FUR-FU-10003274,5.28,3,2.3232
CA-2015-155334,7/30/2015,HA-14920,West,OFF-BI-10002557,10.92,3,4.095
CA-2017-118136,9/16/2017,BB-10990,West,OFF-PA-10002615,8.82,2,4.0572
CA-2017-118136,9/16/2017,BB-10990,West,OFF-AR-10001427,5.98,1,1.5548
CA-2015-130890,11/2/2015,JO-15280,West,FUR-TA-10002903,1038.84,5,51.942
CA-2015-130883,9/26/2015,TB-21520,West,OFF-PA-10000474,141.76,5,47.844
CA-2015-130883,9/26/2015,TB-21520,West,TEC-AC-10001956,239.8,5,47.96
CA-2015-130883,9/26/2015,TB-21520,West,OFF-PA-10004100,31.104,6,10.8864
CA-2014-111451,12/26/2014,KL-16555,West,FUR-FU-10004091,300.416,8,78.8592
CA-2014-111451,12/26/2014,KL-16555,West,FUR-CH-10001891,230.352,3,20.1558
CA-2014-111451,12/26/2014,KL-16555,West,FUR-FU-10002918,218.352,3,-24.5646
CA-2014-111451,12/26/2014,KL-16555,West,OFF-BI-10004593,78.6,5,-62.88
CA-2014-111451,12/26/2014,KL-16555,West,OFF-FA-10004854,27.552,3,9.2988
CA-2016-142902,9/12/2016,BP-11185,West,FUR-FU-10001918,15.136,4,3.5948
CA-2016-142902,9/12/2016,BP-11185,West,FUR-CH-10004086,466.768,2,52.5114
CA-2016-142902,9/12/2016,BP-11185,West,FUR-FU-10001756,15.232,1,1.7136
CA-2016-142902,9/12/2016,BP-11185,West,OFF-LA-10000634,6.264,3,2.0358
CA-2014-156601,9/19/2014,FA-14230,West,OFF-FA-10000624,7.16,2,3.58
CA-2016-162138,4/23/2016,GK-14620,West,OFF-BI-10004593,251.52,6,81.744
CA-2016-162138,4/23/2016,GK-14620,West,TEC-AC-10001908,99.99,1,34.9965
CA-2015-137946,9/1/2015,DB-13615,West,OFF-BI-10001922,4.752,1,1.6038
CA-2015-137946,9/1/2015,DB-13615,West,TEC-CO-10001449,959.984,2,335.9944
CA-2015-137946,9/1/2015,DB-13615,West,OFF-BI-10004140,14.368,4,4.49
CA-2014-129924,7/12/2014,AC-10420,West,OFF-BI-10003314,7.712,2,2.7956
CA-2014-129924,7/12/2014,AC-10420,West,FUR-TA-10004575,698.352,3,-17.4588
CA-2015-128167,6/22/2015,KL-16645,West,OFF-FA-10000490,4.96,4,2.3312
CA-2017-169901,6/15/2017,CC-12550,West,TEC-PH-10002293,47.976,3,4.7976
CA-2014-123344,9/24/2014,JD-16060,West,OFF-ST-10001713,211.96,4,8.4784
US-2014-119137,7/23/2014,AG-10900,West,OFF-BI-10001982,8.16,5,-5.712
US-2014-119137,7/23/2014,AG-10900,West,TEC-AC-10003911,1023.936,8,179.1888
US-2014-119137,7/23/2014,AG-10900,West,OFF-AR-10000658,9.24,1,0.924
US-2014-119137,7/23/2014,AG-10900,West,TEC-AC-10002076,479.04,10,-29.94
CA-2016-134775,10/28/2016,AS-10285,West,OFF-PA-10004734,50.96,7,25.48
CA-2016-134775,10/28/2016,AS-10285,West,OFF-BI-10002225,49.536,3,17.3376
US-2014-135972,9/21/2014,JG-15115,West,TEC-PH-10003012,246.384,2,27.7182
US-2014-135972,9/21/2014,JG-15115,West,TEC-CO-10002313,1799.97,3,701.9883
CA-2017-102946,6/30/2017,VP-21730,West,OFF-BI-10004492,75.792,3,25.5798
CA-2017-117457,12/8/2017,KH-16510,West,TEC-AC-10000158,179.95,5,37.7895
CA-2017-117457,12/8/2017,KH-16510,West,TEC-CO-10004115,1199.976,3,434.9913
CA-2017-117457,12/8/2017,KH-16510,West,OFF-PA-10003724,27.15,5,13.3035
CA-2017-117457,12/8/2017,KH-16510,West,FUR-TA-10002041,1004.024,7,-112.9527
CA-2017-117457,12/8/2017,KH-16510,West,OFF-PA-10002893,9.68,1,4.6464
CA-2017-117457,12/8/2017,KH-16510,West,OFF-LA-10003766,28.35,9,13.608
CA-2017-117457,12/8/2017,KH-16510,West,OFF-PA-10001970,55.98,1,27.4302
CA-2017-117457,12/8/2017,KH-16510,West,FUR-BO-10001972,1336.829,13,31.4548
CA-2017-117457,12/8/2017,KH-16510,West,FUR-CH-10003956,113.568,2,-18.4548
CA-2017-142636,11/3/2017,KC-16675,West,OFF-PA-10000157,139.86,7,65.7342
CA-2017-142636,11/3/2017,KC-16675,West,FUR-CH-10001891,307.136,4,26.8744
CA-2017-122105,6/24/2017,CJ-12010,West,OFF-AR-10004344,95.92,8,25.8984
CA-2016-148796,4/14/2016,PB-19150,West,FUR-CH-10004886,383.8,5,38.38
CA-2017-110478,3/4/2017,SP-20860,West,OFF-AR-10001573,9.32,4,2.7028
CA-2017-110478,3/4/2017,SP-20860,West,OFF-EN-10000483,15.25,1,7.015
CA-2014-142048,6/22/2014,JE-15745,West,TEC-AC-10004114,196.752,6,56.5662
US-2014-110674,2/12/2014,SC-20095,West,FUR-CH-10000225,129.568,2,-24.294
CA-2015-109638,12/15/2015,JH-15985,West,OFF-AP-10002472,103.92,4,36.372
CA-2015-109638,12/15/2015,JH-15985,West,TEC-AC-10004571,899.91,9,377.9622
CA-2015-109638,12/15/2015,JH-15985,West,OFF-BI-10001098,51.312,3,18.6006
CA-2016-109869,4/22/2016,TN-21040,West,FUR-FU-10000023,23.56,5,7.068
CA-2016-109869,4/22/2016,TN-21040,West,FUR-TA-10001889,1272.63,6,-814.4832
CA-2016-109869,4/22/2016,TN-21040,West,OFF-BI-10000315,28.485,5,-20.889
CA-2016-109869,4/22/2016,TN-21040,West,OFF-SU-10003505,185.376,2,-34.758
CA-2016-109869,4/22/2016,TN-21040,West,OFF-AP-10002578,78.272,2,5.8704
CA-2014-144666,11/9/2014,JP-15520,West,OFF-ST-10002743,340.92,3,3.4092
CA-2014-144666,11/9/2014,JP-15520,West,FUR-BO-10001601,222.666,2,10.4784
CA-2014-144666,11/9/2014,JP-15520,West,TEC-PH-10002680,703.968,4,87.996
CA-2014-144666,11/9/2014,JP-15520,West,OFF-ST-10001321,92.52,6,24.9804
CA-2014-144666,11/9/2014,JP-15520,West,OFF-PA-10001509,62.65,7,28.819
CA-2014-144666,11/9/2014,JP-15520,West,OFF-PA-10003465,94.85,5,45.528
CA-2016-103891,7/12/2016,KH-16690,West,TEC-PH-10000149,95.76,6,7.182
CA-2014-134677,10/6/2014,XP-21865,West,TEC-AC-10001445,9.09,3,1.9089
CA-2017-140963,6/10/2017,MT-18070,West,OFF-LA-10003923,29.6,2,14.8
CA-2017-140963,6/10/2017,MT-18070,West,FUR-BO-10001337,514.165,5,-30.245
CA-2017-140963,6/10/2017,MT-18070,West,TEC-PH-10001924,279.96,5,17.4975
CA-2016-169166,5/9/2016,SS-20590,West,TEC-AC-10000991,93.98,2,13.1572
CA-2016-126158,7/25/2016,SC-20095,West,OFF-BI-10002498,119.616,8,40.3704
CA-2016-126158,7/25/2016,SC-20095,West,FUR-FU-10004864,255.76,4,81.8432
CA-2016-126158,7/25/2016,SC-20095,West,FUR-CH-10002602,241.568,2,18.1176
CA-2016-126158,7/25/2016,SC-20095,West,FUR-FU-10000073,69.3,9,22.869
US-2016-105578,5/30/2016,MY-17380,West,OFF-BI-10001670,22.62,2,-15.08
US-2016-105578,5/30/2016,MY-17380,West,OFF-BI-10001658,14.952,2,-11.9616
US-2016-105578,5/30/2016,MY-17380,West,FUR-CH-10001215,801.568,2,50.098
US-2016-105578,5/30/2016,MY-17380,West,OFF-BI-10000831,2.376,3,-1.9008
US-2016-105578,5/30/2016,MY-17380,West,OFF-PA-10000357,32.792,1,11.8871
CA-2017-163405,12/21/2017,BN-11515,West,OFF-AR-10003811,6.63,3,1.7901
CA-2017-163405,12/21/2017,BN-11515,West,OFF-AR-10001246,5.88,2,1.7052
CA-2017-127432,1/22/2017,AD-10180,West,TEC-CO-10003236,2999.95,5,1379.977
CA-2017-127432,1/22/2017,AD-10180,West,OFF-ST-10004507,51.45,3,13.8915
CA-2017-127432,1/22/2017,AD-10180,West,OFF-PA-10001667,11.96,2,5.382
CA-2017-127432,1/22/2017,AD-10180,West,OFF-ST-10004459,1126.02,3,56.301
US-2016-139486,5/21/2016,LH-17155,West,TEC-PH-10003555,55.176,3,-12.4146
US-2016-139486,5/21/2016,LH-17155,West,TEC-AC-10003832,66.26,2,27.1666
CA-2015-102848,11/7/2015,KB-16240,West,FUR-CH-10000595,190.72,1,11.92
US-2017-129441,9/7/2017,JC-15340,West,FUR-FU-10000448,47.94,3,2.397
CA-2016-126613,7/10/2016,AA-10375,West,OFF-ST-10001325,16.768,2,1.4672
CA-2016-136924,7/14/2016,ES-14080,West,TEC-PH-10002262,380.864,8,38.0864
CA-2016-136406,4/15/2016,BD-11320,West,FUR-CH-10002024,1121.568,2,0
CA-2017-100650,6/29/2017,DK-13225,West,OFF-ST-10001780,1295.78,2,310.9872
CA-2016-113243,6/10/2016,OT-18730,West,OFF-LA-10001297,20.7,2,9.936
CA-2016-113243,6/10/2016,OT-18730,West,FUR-TA-10004256,1335.68,4,-217.048
CA-2016-113243,6/10/2016,OT-18730,West,OFF-PA-10003441,32.4,5,15.552
CA-2017-118731,11/20/2017,LP-17080,West,FUR-FU-10003347,42.6,3,16.614
CA-2017-118731,11/20/2017,LP-17080,West,OFF-BI-10000069,84.056,7,27.3182
CA-2015-130736,12/7/2015,JF-15490,West,OFF-FA-10003467,3.96,2,0
CA-2015-130736,12/7/2015,JF-15490,West,OFF-LA-10000634,2.61,1,1.2006
CA-2017-137099,12/7/2017,FP-14320,West,TEC-PH-10002496,374.376,3,46.797
CA-2017-156951,10/1/2017,EB-13840,West,OFF-PA-10004530,91.84,8,45.0016
CA-2017-156951,10/1/2017,EB-13840,West,OFF-BI-10001107,81.088,7,27.3672
CA-2017-156951,10/1/2017,EB-13840,West,OFF-PA-10004451,19.44,3,9.3312
CA-2017-156951,10/1/2017,EB-13840,West,FUR-CH-10004997,451.152,3,0
CA-2016-127250,11/3/2016,SF-20200,West,OFF-AR-10003394,8.82,3,2.3814
CA-2015-149713,9/18/2015,TG-21640,West,OFF-PA-10004530,160.72,14,78.7528
CA-2015-149713,9/18/2015,TG-21640,West,OFF-PA-10001450,19.92,4,9.7608
CA-2015-149713,9/18/2015,TG-21640,West,OFF-SU-10001574,7.3,2,2.19
CA-2015-132906,9/10/2015,CC-12145,West,OFF-SU-10004498,51.52,4,1.5456
CA-2017-145233,12/1/2017,DV-13465,West,TEC-PH-10004977,470.376,3,52.9173
CA-2017-145233,12/1/2017,DV-13465,West,TEC-PH-10000586,105.584,2,9.2386
CA-2017-145233,12/1/2017,DV-13465,West,OFF-AP-10000358,31.152,3,3.5046
CA-2017-145233,12/1/2017,DV-13465,West,OFF-BI-10002764,6.783,7,-4.7481
CA-2017-145233,12/1/2017,DV-13465,West,TEC-PH-10001254,406.368,4,30.4776
US-2016-156986,3/20/2016,ZC-21910,West,TEC-PH-10003800,84.784,2,-20.1362
US-2016-156986,3/20/2016,ZC-21910,West,OFF-PA-10002005,20.736,4,7.2576
US-2016-156986,3/20/2016,ZC-21910,West,OFF-BI-10002498,16.821,3,-12.8961
US-2016-156986,3/20/2016,ZC-21910,West,OFF-PA-10004101,10.368,2,3.6288
CA-2014-131450,8/8/2014,LR-16915,West,OFF-AP-10004708,76.12,2,22.0748
CA-2014-131450,8/8/2014,LR-16915,West,TEC-CO-10004115,1199.976,3,434.9913
CA-2014-131450,8/8/2014,LR-16915,West,TEC-PH-10002398,445.96,5,55.745
CA-2014-131450,8/8/2014,LR-16915,West,FUR-FU-10001979,327.76,8,91.7728
CA-2017-153787,5/19/2017,AT-10735,West,OFF-AP-10001563,97.16,2,28.1764
CA-2017-133431,12/17/2017,LC-17140,West,OFF-BI-10000605,15.24,5,5.1435
CA-2017-133431,12/17/2017,LC-17140,West,OFF-PA-10002615,13.23,3,6.0858
US-2016-135720,12/11/2016,FM-14380,West,OFF-ST-10001963,243.384,3,-51.7191
US-2016-135720,12/11/2016,FM-14380,West,TEC-AC-10001267,119.8,5,29.95
US-2016-135720,12/11/2016,FM-14380,West,TEC-PH-10002103,300.768,4,30.0768
US-2016-123470,8/15/2016,ME-17725,West,OFF-BI-10001989,18.882,3,-13.8468
US-2016-123470,8/15/2016,ME-17725,West,OFF-AP-10003287,122.328,3,12.2328
CA-2016-115917,5/20/2016,RB-19465,West,FUR-FU-10000576,1049.2,5,272.792
CA-2016-115917,5/20/2016,RB-19465,West,OFF-BI-10004728,15.424,4,5.0128
CA-2017-167913,7/30/2017,JL-15835,West,OFF-ST-10000585,330.4,2,85.904
CA-2017-167913,7/30/2017,JL-15835,West,OFF-LA-10002787,26.25,7,12.6
CA-2016-103947,4/1/2016,BB-10990,West,OFF-FA-10003112,31.56,5,9.8625
CA-2016-103947,4/1/2016,BB-10990,West,OFF-AP-10002350,30.144,2,3.0144
CA-2016-160745,12/11/2016,AR-10825,West,FUR-FU-10001935,14.8,4,6.068
CA-2016-160745,12/11/2016,AR-10825,West,TEC-PH-10003273,302.376,3,22.6782
CA-2016-160745,12/11/2016,AR-10825,West,TEC-AC-10001142,316,4,31.6
CA-2015-131534,3/28/2015,AB-10165,West,TEC-AC-10002253,166.24,1,24.936
CA-2015-131534,3/28/2015,AB-10165,West,OFF-PA-10000743,33.4,5,16.032
CA-2016-163755,11/4/2016,AS-10285,West,FUR-FU-10003394,209.88,3,35.6796
CA-2015-142027,4/9/2015,JK-15370,West,FUR-TA-10002774,369.912,3,-13.8717
CA-2014-153150,7/1/2014,Dl-13600,West,OFF-BI-10003355,19.92,5,6.972
CA-2014-104472,6/2/2014,CK-12325,West,OFF-BI-10001658,59.808,3,19.4376
CA-2014-104472,6/2/2014,CK-12325,West,FUR-FU-10000246,73.32,6,21.996
CA-2016-112942,2/13/2016,RD-19810,West,OFF-PA-10004092,146.82,3,73.41
CA-2017-131954,1/21/2017,DS-13030,West,OFF-ST-10000736,242.94,3,9.7176
CA-2017-131954,1/21/2017,DS-13030,West,TEC-AC-10003610,179.97,3,86.3856
CA-2017-131954,1/21/2017,DS-13030,West,OFF-BI-10003982,99.696,6,33.6474
CA-2017-131954,1/21/2017,DS-13030,West,OFF-BI-10003291,27.936,4,9.4284
CA-2017-131954,1/21/2017,DS-13030,West,FUR-BO-10001619,84.98,1,18.6956
CA-2017-131954,1/21/2017,DS-13030,West,OFF-BI-10000138,18.72,5,6.552
CA-2014-132500,9/8/2014,GZ-14470,West,TEC-AC-10001383,49.98,2,8.4966
CA-2014-124429,5/27/2014,MH-17785,West,FUR-TA-10002607,567.12,10,-28.356
CA-2014-124429,5/27/2014,MH-17785,West,OFF-ST-10001809,359.32,4,7.1864
CA-2016-110499,4/7/2016,YC-21895,West,TEC-CO-10002095,1199.976,3,374.9925
CA-2015-135272,12/7/2015,MS-17830,West,FUR-FU-10002759,79.92,4,28.7712
CA-2015-112319,8/31/2015,AR-10510,West,OFF-PA-10003441,58.32,9,27.9936
CA-2015-144267,8/21/2015,NZ-18565,West,FUR-CH-10002335,544.008,3,40.8006
CA-2015-144267,8/21/2015,NZ-18565,West,OFF-PA-10000157,59.94,3,28.1718
CA-2015-144267,8/21/2015,NZ-18565,West,OFF-PA-10001947,23.92,4,11.7208
CA-2015-144267,8/21/2015,NZ-18565,West,OFF-PA-10003657,4.28,1,1.926
CA-2017-129567,3/17/2017,CL-12565,West,OFF-BI-10000014,17.456,2,5.8914
CA-2015-154620,12/12/2015,LT-17110,West,FUR-CH-10004675,348.928,2,34.8928
CA-2014-156433,9/20/2014,ES-14020,West,OFF-LA-10001569,9.96,2,4.5816
CA-2014-156433,9/20/2014,ES-14020,West,OFF-PA-10003724,21.72,4,10.6428
CA-2015-101910,11/27/2015,CD-11920,West,FUR-CH-10002647,283.92,5,17.745
CA-2017-105809,2/20/2017,HW-14935,West,FUR-FU-10004090,22.23,1,7.3359
CA-2017-105809,2/20/2017,HW-14935,West,TEC-PH-10001580,215.968,2,18.8972
CA-2017-135783,4/22/2017,GM-14440,West,FUR-FU-10000794,18.28,2,6.2152
CA-2014-134313,11/1/2014,RA-19915,West,OFF-AR-10001897,43.176,3,4.3176
CA-2014-134313,11/1/2014,RA-19915,West,TEC-PH-10001795,1983.968,4,247.996
CA-2014-151995,10/13/2014,ZC-21910,West,OFF-AR-10003190,11.52,4,3.2256
CA-2014-151995,10/13/2014,ZC-21910,West,FUR-TA-10002903,1298.55,5,311.652
CA-2014-151995,10/13/2014,ZC-21910,West,OFF-AP-10000240,213.92,4,62.0368
CA-2014-151995,10/13/2014,ZC-21910,West,TEC-AC-10001101,25.78,2,2.578
CA-2017-143686,5/14/2017,PJ-19015,West,FUR-FU-10000794,18.28,2,6.2152
CA-2017-143686,5/14/2017,PJ-19015,West,TEC-AC-10001838,1399.93,7,601.9699
US-2014-102071,5/9/2014,PG-18820,West,TEC-AC-10003441,67.8,4,4.068
US-2014-102071,5/9/2014,PG-18820,West,TEC-AC-10000109,167.97,3,40.3128
CA-2016-161669,11/7/2016,EM-14095,West,OFF-BI-10001294,37.44,4,11.7
CA-2016-161669,11/7/2016,EM-14095,West,OFF-BI-10001636,26.976,4,8.7672
CA-2016-161669,11/7/2016,EM-14095,West,OFF-SU-10002503,11.36,2,3.2944
CA-2016-161669,11/7/2016,EM-14095,West,OFF-LA-10004093,14.62,2,6.8714
CA-2016-152534,6/20/2016,DP-13105,West,OFF-AR-10002335,5.16,2,1.3416
CA-2016-152534,6/20/2016,DP-13105,West,OFF-PA-10001870,38.88,6,18.6624
CA-2014-133851,6/9/2014,CM-12445,West,OFF-SU-10001225,7.36,2,0.1472
CA-2014-133851,6/9/2014,CM-12445,West,OFF-AR-10003752,23.1,2,10.626
US-2017-123463,12/23/2017,GZ-14470,West,OFF-AR-10001118,13.48,4,5.9312
CA-2015-143602,4/25/2015,JS-15595,West,OFF-BI-10002071,13.944,3,4.5318
CA-2017-115364,6/26/2017,OT-18730,West,OFF-ST-10002486,83.76,12,1.6752
CA-2014-104976,12/9/2014,CK-12760,West,OFF-PA-10003845,34.68,6,16.9932
CA-2016-105494,11/10/2016,PC-18745,West,OFF-ST-10002205,155.82,7,42.0714
CA-2016-105494,11/10/2016,PC-18745,West,OFF-BI-10003364,70.008,3,24.5028
CA-2016-130477,4/8/2016,LC-17140,West,OFF-PA-10002947,20.04,3,9.6192
CA-2016-130477,4/8/2016,LC-17140,West,OFF-ST-10002583,64.96,2,2.5984
CA-2016-130477,4/8/2016,LC-17140,West,OFF-PA-10000019,12.96,2,6.2208
US-2017-111745,11/5/2017,RA-19885,West,TEC-AC-10003911,159.99,1,54.3966
CA-2015-148250,12/13/2015,RP-19270,West,OFF-PA-10000289,12.96,2,6.2208
CA-2015-148250,12/13/2015,RP-19270,West,OFF-AP-10003040,134.48,4,34.9648
CA-2016-105760,6/19/2016,KC-16255,West,OFF-PA-10000350,17.12,2,8.0464
CA-2016-142958,12/13/2016,RW-19630,West,OFF-BI-10001759,6.096,2,2.2098
CA-2016-142958,12/13/2016,RW-19630,West,FUR-TA-10000577,1114.272,4,41.7852
CA-2015-120880,5/29/2015,JL-15850,West,OFF-PA-10004101,32.4,5,15.552
CA-2015-120880,5/29/2015,JL-15850,West,OFF-ST-10001496,540.57,3,140.5482
CA-2015-120880,5/29/2015,JL-15850,West,OFF-BI-10002931,167.76,5,62.91
US-2015-140200,7/26/2015,CA-12775,West,FUR-TA-10002356,393.165,3,-204.4458
CA-2017-102414,5/15/2017,JA-15970,West,TEC-PH-10002923,29.592,1,2.5893
CA-2017-102414,5/15/2017,JA-15970,West,OFF-BI-10004465,4.752,2,-3.168
CA-2017-102414,5/15/2017,JA-15970,West,OFF-PA-10002333,15.552,3,5.6376
CA-2015-112571,9/22/2015,DL-12925,West,FUR-FU-10004188,204.6,2,53.196
CA-2017-152142,11/14/2017,LW-16990,West,FUR-CH-10002965,321.568,2,28.1372
CA-2016-120859,9/1/2016,CV-12805,West,OFF-EN-10001335,21.88,2,10.94
US-2017-100209,7/9/2017,TD-20995,West,OFF-BI-10002012,1.08,2,-0.792
CA-2014-163419,11/11/2014,TZ-21580,West,OFF-AR-10000034,3.392,1,0.8056
CA-2014-163419,11/11/2014,TZ-21580,West,TEC-PH-10000560,559.984,2,55.9984
CA-2014-163419,11/11/2014,TZ-21580,West,FUR-CH-10000665,603.92,5,75.49
CA-2016-105585,8/26/2016,RF-19735,West,OFF-FA-10002983,10.23,3,4.9104
CA-2016-105585,8/26/2016,RF-19735,West,OFF-PA-10003625,154.9,5,69.705
CA-2016-155488,11/13/2016,FM-14290,West,OFF-AR-10002956,44.02,2,11.4452
CA-2015-126445,8/27/2015,RA-19945,West,OFF-ST-10000046,484.65,3,92.0835
CA-2015-105312,11/6/2015,MT-17815,West,OFF-EN-10002600,7.08,3,2.478
CA-2015-105312,11/6/2015,MT-17815,West,OFF-BI-10002049,4.401,3,-3.5208
CA-2014-158540,11/24/2014,VG-21790,West,FUR-FU-10001602,151.72,4,27.3096
CA-2017-118437,6/17/2017,PF-19165,West,FUR-FU-10004848,155.25,3,46.575
CA-2017-118437,6/17/2017,PF-19165,West,OFF-ST-10003722,14.03,1,4.0687
US-2015-126214,12/21/2015,JS-15880,West,FUR-TA-10003748,1618.37,13,356.0414
US-2015-126214,12/21/2015,JS-15880,West,TEC-AC-10003198,99.6,1,36.852
CA-2015-133025,9/17/2015,MO-17800,West,OFF-PA-10004100,32.4,5,15.552
CA-2017-106964,12/17/2017,HR-14770,West,OFF-BI-10000320,11.808,2,4.2804
CA-2015-127418,6/13/2015,JJ-15445,West,OFF-BI-10003707,36.624,3,13.734
CA-2014-139192,5/27/2014,LC-16885,West,TEC-PH-10000486,1113.504,12,125.2692
CA-2014-139192,5/27/2014,LC-16885,West,TEC-AC-10001606,99.99,1,37.9962
CA-2017-167150,12/10/2017,BP-11185,West,OFF-BI-10001097,19.936,4,7.2268
CA-2017-167150,12/10/2017,BP-11185,West,OFF-BI-10001597,65.568,2,22.9488
CA-2016-157686,10/1/2016,BD-11620,West,FUR-CH-10001146,194.848,4,12.178
CA-2015-144652,11/20/2015,SN-20560,West,OFF-AR-10003732,19.46,7,5.0596
CA-2016-152814,4/28/2016,EH-14005,West,OFF-PA-10001970,29.472,3,9.9468
CA-2016-134348,11/12/2016,MS-17710,West,OFF-BI-10003727,6.27,5,-4.598
CA-2016-134348,11/12/2016,MS-17710,West,OFF-BI-10004967,4.368,7,-3.3488
CA-2016-134348,11/12/2016,MS-17710,West,TEC-AC-10003447,31.984,2,1.999
CA-2017-132521,9/23/2017,DW-13540,West,OFF-AP-10002191,119.96,2,33.5888
CA-2017-132521,9/23/2017,DW-13540,West,OFF-ST-10001325,31.44,3,8.4888
CA-2017-132521,9/23/2017,DW-13540,West,OFF-BI-10000404,6.88,1,2.322
CA-2016-166163,8/15/2016,CY-12745,West,TEC-PH-10004896,71.976,3,7.1976
CA-2016-166163,8/15/2016,CY-12745,West,OFF-LA-10000452,3.15,1,1.512
CA-2015-143490,12/6/2015,NP-18325,West,OFF-AR-10002952,120.15,9,33.642
CA-2015-143490,12/6/2015,NP-18325,West,TEC-PH-10000576,219.184,2,19.1786
CA-2014-159338,6/25/2014,NS-18640,West,FUR-TA-10004147,447.84,5,11.196
CA-2016-107216,6/14/2016,PV-18985,West,OFF-AR-10001545,7.04,4,2.0416
CA-2016-107216,6/14/2016,PV-18985,West,FUR-FU-10000206,8.73,3,4.1031
CA-2016-107216,6/14/2016,PV-18985,West,TEC-AC-10001013,29.29,1,9.6657
CA-2016-107216,6/14/2016,PV-18985,West,OFF-AR-10002255,8.64,3,2.5056
CA-2016-112340,10/21/2016,NM-18520,West,OFF-PA-10001892,22.92,3,11.2308
CA-2017-140585,12/18/2017,RA-19915,West,OFF-BI-10003364,46.672,2,16.3352
CA-2017-140585,12/18/2017,RA-19915,West,FUR-BO-10002206,119.833,1,-12.6882
CA-2017-140585,12/18/2017,RA-19915,West,TEC-AC-10003610,119.98,2,57.5904
CA-2016-144855,7/22/2016,DL-13495,West,OFF-LA-10003766,6.3,2,3.024
US-2016-114776,12/6/2016,GG-14650,West,OFF-PA-10004100,19.44,3,9.3312
CA-2014-146969,9/29/2014,AP-10915,West,FUR-FU-10004188,204.6,2,53.196
CA-2014-146969,9/29/2014,AP-10915,West,OFF-FA-10001561,8.72,4,2.8776
CA-2014-146969,9/29/2014,AP-10915,West,OFF-PA-10002105,6.48,1,3.1104
CA-2014-146969,9/29/2014,AP-10915,West,TEC-MA-10004241,686.32,2,223.054
CA-2014-146969,9/29/2014,AP-10915,West,OFF-ST-10004340,62.18,1,16.7886
CA-2017-160395,12/31/2016,KL-16555,West,OFF-AR-10003759,3.64,2,1.638
CA-2017-160395,12/31/2016,KL-16555,West,OFF-BI-10003984,159.768,7,53.9217
CA-2016-149314,7/2/2016,GB-14530,West,FUR-CH-10002126,195.184,1,19.5184
CA-2014-126522,9/1/2014,LT-16765,West,OFF-AR-10004042,53.94,3,15.6426
CA-2015-125416,11/2/2015,KC-16540,West,TEC-AC-10001552,447.93,9,49.2723
CA-2014-158064,4/21/2014,AA-10375,West,OFF-BI-10002976,16.52,5,5.5755
CA-2014-120243,12/27/2014,AT-10435,West,OFF-LA-10004425,11.56,4,5.4332
CA-2014-127131,11/24/2014,HR-14830,West,OFF-BI-10004656,12.096,7,4.2336
CA-2014-127131,11/24/2014,HR-14830,West,OFF-ST-10002344,485.88,6,9.7176
CA-2014-127131,11/24/2014,HR-14830,West,OFF-PA-10001800,25.92,4,12.4416
CA-2014-127131,11/24/2014,HR-14830,West,OFF-ST-10000036,197.58,2,53.3466
CA-2017-117212,2/26/2017,BT-11530,West,OFF-AP-10004532,81.92,4,22.1184
CA-2017-117212,2/26/2017,BT-11530,West,TEC-PH-10004447,889.536,8,66.7152
CA-2017-117212,2/26/2017,BT-11530,West,FUR-CH-10003973,892.224,3,89.2224
CA-2017-117212,2/26/2017,BT-11530,West,OFF-PA-10001970,223.92,4,109.7208
CA-2017-117212,2/26/2017,BT-11530,West,OFF-PA-10000682,23.12,4,11.3288
CA-2016-114727,7/18/2016,LS-16945,West,FUR-CH-10002335,544.008,3,40.8006
CA-2016-114727,7/18/2016,LS-16945,West,OFF-BI-10004967,1.872,3,-1.4352
CA-2016-114727,7/18/2016,LS-16945,West,FUR-CH-10002331,854.352,3,10.6794
CA-2016-114727,7/18/2016,LS-16945,West,OFF-ST-10002292,593.568,2,0
CA-2016-114727,7/18/2016,LS-16945,West,OFF-ST-10000689,338.04,3,-33.804
CA-2014-110184,7/12/2014,BF-11170,West,OFF-ST-10000107,249.75,9,44.955
CA-2014-110184,7/12/2014,BF-11170,West,TEC-PH-10000439,255.936,8,28.7928
CA-2017-100013,11/6/2017,ZC-21910,West,OFF-EN-10001219,15.28,2,7.4872
CA-2017-100013,11/6/2017,ZC-21910,West,FUR-FU-10001424,8.73,1,2.9682
CA-2017-100013,11/6/2017,ZC-21910,West,OFF-AR-10001022,5.68,2,1.7608
CA-2014-127012,8/11/2014,GM-14680,West,FUR-FU-10003691,12.35,1,5.434
CA-2014-127012,8/11/2014,GM-14680,West,OFF-AR-10003903,40.97,1,10.6522
CA-2014-127012,8/11/2014,GM-14680,West,OFF-FA-10004854,22.96,2,10.7912
CA-2014-168494,12/12/2014,NP-18700,West,FUR-TA-10004619,764.688,6,95.586
CA-2014-168494,12/12/2014,NP-18700,West,FUR-TA-10003473,3610.848,12,135.4068
CA-2014-168494,12/12/2014,NP-18700,West,FUR-BO-10004467,254.9745,3,11.9988
CA-2017-110380,9/2/2017,PF-19225,West,OFF-AR-10000422,6.57,3,1.7739
US-2014-167738,12/24/2014,JC-16105,West,OFF-ST-10003306,142.86,1,41.4294
US-2014-167738,12/24/2014,JC-16105,West,FUR-CH-10001146,292.272,6,18.267
CA-2017-121412,9/23/2017,BG-11695,West,FUR-FU-10000246,29.328,3,3.666
CA-2016-163384,11/10/2016,CC-12430,West,OFF-BI-10004970,13.216,4,4.4604
CA-2016-163384,11/10/2016,CC-12430,West,OFF-PA-10003172,32.4,5,15.552
CA-2015-101707,8/27/2015,PF-19165,West,OFF-SU-10001218,32.94,3,9.2232
CA-2015-101707,8/27/2015,PF-19165,West,OFF-PA-10002968,114.2,5,52.532
CA-2015-101707,8/27/2015,PF-19165,West,OFF-LA-10000134,3.08,1,1.4784
CA-2015-138898,5/25/2015,JH-16180,West,OFF-AP-10004487,845.728,13,84.5728
CA-2017-115427,12/30/2017,EB-13975,West,OFF-BI-10002103,13.904,2,4.5188
CA-2017-115427,12/30/2017,EB-13975,West,OFF-BI-10004632,20.72,2,6.475
CA-2015-121391,10/4/2015,AA-10315,West,OFF-ST-10001590,26.96,2,7.0096
CA-2016-141397,6/20/2016,RC-19825,West,OFF-PA-10002986,46.76,7,22.4448
CA-2016-141397,6/20/2016,RC-19825,West,OFF-BI-10000320,17.712,3,6.4206
CA-2016-141397,6/20/2016,RC-19825,West,OFF-AP-10003971,21.78,2,5.6628
CA-2016-141397,6/20/2016,RC-19825,West,OFF-ST-10001469,161.94,3,9.7164
CA-2016-141397,6/20/2016,RC-19825,West,FUR-CH-10003846,161.568,2,-8.0784
CA-2016-145919,12/18/2016,HG-14965,West,OFF-PA-10003072,38.88,6,18.6624
CA-2016-145919,12/18/2016,HG-14965,West,FUR-FU-10004960,183.84,8,62.5056
CA-2016-145919,12/18/2016,HG-14965,West,OFF-SU-10003505,579.3,5,28.965
CA-2017-106033,10/15/2017,FG-14260,West,OFF-AR-10002818,87.92,4,26.376
CA-2016-142762,5/23/2016,LD-17005,West,FUR-FU-10003691,37.05,3,16.302
CA-2014-121664,5/6/2014,HP-14815,West,OFF-BI-10003684,140.736,8,52.776
US-2017-123281,4/2/2017,JF-15190,West,FUR-FU-10003724,25.11,3,6.5286
CA-2017-162978,5/4/2017,LW-16990,West,TEC-PH-10003092,183.96,5,20.6955
CA-2017-162978,5/4/2017,LW-16990,West,OFF-PA-10002250,17.61,3,8.4528
CA-2017-162978,5/4/2017,LW-16990,West,FUR-TA-10003473,300.904,1,11.2839
US-2014-151925,9/26/2014,KT-16465,West,FUR-CH-10002961,145.568,2,0
US-2017-155425,11/10/2017,AB-10600,West,OFF-BI-10001036,38.388,14,-25.592
US-2017-155425,11/10/2017,AB-10600,West,TEC-MA-10003183,95.994,2,-63.996
US-2017-155425,11/10/2017,AB-10600,West,TEC-AC-10001314,239.952,6,-35.9928
US-2017-155425,11/10/2017,AB-10600,West,TEC-PH-10002563,201.584,2,15.1188
US-2017-155425,11/10/2017,AB-10600,West,FUR-CH-10003312,899.136,4,-146.1096
CA-2017-133249,7/8/2017,SZ-20035,West,FUR-FU-10001588,145.9,5,62.737
US-2015-103471,12/24/2015,JR-15670,West,FUR-BO-10002613,590.058,7,-786.744
US-2015-103471,12/24/2015,JR-15670,West,OFF-AR-10003405,14.04,3,1.5795
US-2014-157021,4/1/2014,KM-16720,West,OFF-LA-10002312,29.6,2,14.8
US-2014-157021,4/1/2014,KM-16720,West,OFF-BI-10000042,17.088,4,5.5536
CA-2015-120362,9/14/2015,CA-12265,West,FUR-TA-10003008,912.75,5,118.6575
CA-2014-126361,8/4/2014,VD-21670,West,OFF-AP-10003590,1089.75,3,305.13
CA-2014-126361,8/4/2014,VD-21670,West,OFF-PA-10000806,447.84,8,219.4416
CA-2014-126361,8/4/2014,VD-21670,West,OFF-AR-10000896,16.4,5,4.264
CA-2014-126361,8/4/2014,VD-21670,West,TEC-PH-10002310,399.96,5,34.9965
CA-2014-126361,8/4/2014,VD-21670,West,OFF-ST-10002289,158.9,5,7.945
CA-2014-126361,8/4/2014,VD-21670,West,OFF-BI-10002852,13.184,1,4.7792
US-2016-122245,9/25/2016,AB-10105,West,FUR-TA-10002356,393.165,3,-204.4458
CA-2017-115994,1/28/2017,BT-11305,West,TEC-AC-10000580,239.97,3,26.3967
CA-2017-115994,1/28/2017,BT-11305,West,FUR-FU-10003976,37.74,3,12.8316
CA-2015-124800,9/26/2015,RW-19540,West,OFF-PA-10000501,86.272,4,31.2736
CA-2015-124800,9/26/2015,RW-19540,West,OFF-BI-10000778,72.588,2,-48.392
CA-2015-124800,9/26/2015,RW-19540,West,OFF-AP-10004980,60.672,2,14.4096
CA-2015-124800,9/26/2015,RW-19540,West,OFF-BI-10003984,77.031,9,-59.0571
CA-2015-124800,9/26/2015,RW-19540,West,OFF-ST-10000798,119.904,6,-1.4988
CA-2015-124800,9/26/2015,RW-19540,West,TEC-PH-10001750,263.96,5,23.0965
CA-2015-124800,9/26/2015,RW-19540,West,OFF-ST-10002743,363.648,4,-86.3664
US-2015-164448,10/31/2015,DK-12835,West,OFF-BI-10002949,9.728,2,3.2832
US-2015-164448,10/31/2015,DK-12835,West,OFF-EN-10002600,14.75,5,7.08
US-2015-164448,10/31/2015,DK-12835,West,OFF-BI-10003708,29.8,5,9.3125
US-2015-164448,10/31/2015,DK-12835,West,OFF-LA-10003510,427.42,14,196.6132
US-2016-153129,12/26/2016,FP-14320,West,OFF-PA-10003673,33.9,5,15.594
CA-2017-128160,12/19/2017,MM-17920,West,OFF-BI-10001510,36.672,2,11.46
CA-2015-166135,10/1/2015,SC-20440,West,OFF-ST-10002974,139.424,4,17.428
CA-2015-145821,5/1/2015,JB-15400,West,TEC-PH-10004348,88.752,3,11.094
US-2015-160150,7/19/2015,TS-21085,West,OFF-BI-10004352,2.025,1,-1.35
CA-2015-119907,12/1/2015,LC-17140,West,OFF-BI-10001765,55.424,2,19.3984
CA-2014-151708,8/8/2014,MB-17305,West,FUR-FU-10001602,121.376,4,-3.0344
CA-2014-151708,8/8/2014,MB-17305,West,TEC-AC-10001767,95.976,3,-10.7973
CA-2017-164959,7/11/2017,KN-16390,West,OFF-LA-10004272,8.67,3,4.0749
CA-2017-121468,11/19/2017,KD-16345,West,TEC-PH-10000376,31.968,4,2.3976
US-2016-108455,12/2/2016,MK-18160,West,OFF-PA-10002262,25.92,4,12.4416
US-2016-108455,12/2/2016,MK-18160,West,OFF-PA-10002464,40.46,7,19.8254
US-2016-108455,12/2/2016,MK-18160,West,OFF-ST-10002214,33.87,3,8.8062
US-2016-108098,10/14/2016,CP-12340,West,TEC-AC-10000865,177,3,30.09
CA-2015-140410,11/3/2015,CM-12655,West,TEC-PH-10003580,1212.848,7,106.1242
CA-2015-140410,11/3/2015,CM-12655,West,TEC-AC-10001109,89.97,3,37.7874
CA-2015-140410,11/3/2015,CM-12655,West,FUR-FU-10003347,42.6,3,16.614
CA-2017-139661,10/30/2017,JW-15220,West,FUR-FU-10002885,9.64,2,3.6632
CA-2016-141586,10/17/2016,NK-18490,West,OFF-BI-10003981,18.16,5,6.583
CA-2016-100468,11/24/2016,AT-10435,West,TEC-PH-10001300,33.52,2,3.352
CA-2016-100468,11/24/2016,AT-10435,West,FUR-FU-10000010,9.94,2,3.0814
CA-2015-153388,8/1/2015,PC-19000,West,OFF-AR-10001868,6.72,4,3.36
CA-2015-153388,8/1/2015,PC-19000,West,FUR-TA-10003715,1004.976,6,-175.8708
CA-2017-103611,9/12/2017,JM-15535,West,FUR-FU-10004270,8.36,2,3.0096
CA-2017-100384,6/24/2017,NH-18610,West,OFF-AR-10002135,385.6,8,111.824
CA-2017-100384,6/24/2017,NH-18610,West,OFF-AR-10003514,35.82,9,11.8206
CA-2017-148446,12/10/2017,MC-17845,West,FUR-TA-10004256,1669.6,4,116.872
CA-2014-111059,2/3/2014,TB-21400,West,OFF-BI-10004593,83.84,2,27.248
CA-2014-111059,2/3/2014,TB-21400,West,OFF-BI-10002827,13.272,3,4.3134
CA-2017-116204,2/11/2017,VW-21775,West,OFF-BI-10001759,21.336,7,7.7343
CA-2015-144806,12/6/2015,GH-14425,West,FUR-FU-10002253,206.112,6,48.9516
CA-2015-144806,12/6/2015,GH-14425,West,OFF-PA-10002586,19.92,5,6.723
CA-2015-144806,12/6/2015,GH-14425,West,OFF-PA-10003039,198.272,8,61.96
CA-2015-144806,12/6/2015,GH-14425,West,OFF-ST-10004804,247.104,6,-58.6872
CA-2015-144806,12/6/2015,GH-14425,West,OFF-AR-10004042,86.304,6,9.7092
CA-2017-159884,8/31/2017,JF-15490,West,OFF-ST-10000344,10.744,1,0.8058
CA-2017-159884,8/31/2017,JF-15490,West,OFF-FA-10000585,8.376,3,2.7222
CA-2017-124086,2/10/2017,MP-18175,West,FUR-BO-10004015,203.983,2,16.7986
CA-2014-107181,2/4/2014,DB-13270,West,OFF-BI-10004230,82.896,3,29.0136
CA-2014-107181,2/4/2014,DB-13270,West,OFF-PA-10000350,34.24,4,16.0928
CA-2016-159345,6/17/2016,IG-15085,West,OFF-PA-10000806,111.96,2,54.8604
CA-2015-111507,2/6/2015,VW-21775,West,OFF-AR-10001315,5.28,3,1.5312
CA-2015-112116,3/16/2015,JE-15475,West,FUR-TA-10001039,171.96,2,44.7096
CA-2016-126809,4/9/2016,EB-13750,West,OFF-BI-10003712,35.352,9,12.8151
CA-2014-105172,4/4/2014,PK-18910,West,OFF-LA-10001641,18.9,6,9.072
CA-2017-107293,9/5/2017,CS-12400,West,OFF-AR-10003732,2.78,1,0.7228
CA-2015-132101,3/19/2015,JO-15550,West,TEC-PH-10004539,453.576,3,39.6879
US-2017-152002,6/11/2017,DV-13465,West,OFF-PA-10000357,122.97,3,60.2553
US-2014-157385,11/23/2014,SC-20095,West,FUR-CH-10000863,603.92,5,-67.941
US-2014-157385,11/23/2014,SC-20095,West,OFF-EN-10003160,21.84,3,10.4832
US-2014-157385,11/23/2014,SC-20095,West,TEC-AC-10003280,29.99,1,6.2979
US-2014-157385,11/23/2014,SC-20095,West,FUR-CH-10000595,381.44,2,23.84
CA-2015-122826,6/23/2015,RD-19480,West,TEC-PH-10004830,201.568,4,22.6764
CA-2014-117317,10/19/2014,JF-15490,West,OFF-PA-10004519,13.44,3,6.5856
US-2016-115819,4/19/2016,JO-15280,West,TEC-PH-10004700,39.96,5,12.987
US-2016-115819,4/19/2016,JO-15280,West,OFF-AR-10000823,5.46,3,1.5288
US-2016-115819,4/19/2016,JO-15280,West,OFF-AR-10004456,73.2,5,21.228
US-2016-115819,4/19/2016,JO-15280,West,OFF-BI-10000050,5.84,1,1.971
US-2016-115819,4/19/2016,JO-15280,West,OFF-PA-10002377,22.72,4,10.224
US-2016-115819,4/19/2016,JO-15280,West,OFF-BI-10000591,9.336,3,3.2676
CA-2014-156349,5/26/2014,ML-17395,West,FUR-BO-10000362,290.666,2,27.3568
CA-2014-156349,5/26/2014,ML-17395,West,TEC-PH-10000441,201.584,2,20.1584
CA-2014-156349,5/26/2014,ML-17395,West,TEC-PH-10002726,83.984,2,31.494
CA-2017-138380,12/21/2017,YS-21880,West,OFF-ST-10003306,1000.02,7,290.0058
CA-2017-108560,7/8/2017,JC-15385,West,FUR-FU-10002937,198.46,2,99.23
CA-2017-108560,7/8/2017,JC-15385,West,OFF-LA-10003930,786.48,8,385.3752
CA-2017-108560,7/8/2017,JC-15385,West,OFF-BI-10001107,23.168,2,7.8192
CA-2017-108560,7/8/2017,JC-15385,West,TEC-AC-10003063,50,2,10.5
CA-2015-157084,12/19/2015,JG-15160,West,TEC-PH-10002922,675.96,5,84.495
CA-2015-157084,12/19/2015,JG-15160,West,TEC-AC-10002049,1265.85,3,556.974
CA-2014-168984,11/26/2014,NW-18400,West,OFF-PA-10001166,15.552,3,5.4432
CA-2014-168984,11/26/2014,NW-18400,West,OFF-ST-10001097,669.08,5,-167.27
CA-2014-168984,11/26/2014,NW-18400,West,TEC-PH-10000038,438.336,4,-87.6672
CA-2015-111829,3/19/2015,FH-14365,West,OFF-ST-10000142,1247.64,3,349.3392
CA-2015-111829,3/19/2015,FH-14365,West,TEC-CO-10001766,3149.93,7,1480.4671
CA-2015-111829,3/19/2015,FH-14365,West,OFF-PA-10004359,209.7,2,100.656
CA-2014-135699,8/29/2014,HH-15010,West,OFF-PA-10004475,109.92,2,53.8608
CA-2014-135699,8/29/2014,HH-15010,West,OFF-PA-10003001,13.36,2,6.4128
US-2017-132444,11/18/2017,CD-12280,West,OFF-ST-10003442,169.68,6,45.8136
US-2017-132444,11/18/2017,CD-12280,West,TEC-AC-10003832,132.52,4,54.3332
US-2017-132444,11/18/2017,CD-12280,West,OFF-FA-10000611,2.96,2,1.4208
US-2017-132444,11/18/2017,CD-12280,West,OFF-BI-10001116,8.448,2,2.9568
US-2017-132444,11/18/2017,CD-12280,West,OFF-ST-10000563,95.94,3,9.594
CA-2017-161809,1/20/2017,TH-21100,West,TEC-PH-10004922,160.776,3,10.0485
CA-2017-127285,10/30/2017,MM-18055,West,OFF-BI-10004330,88.752,3,27.735
CA-2017-127285,10/30/2017,MM-18055,West,OFF-BI-10002072,13.904,2,5.214
CA-2016-107615,3/22/2016,RB-19645,West,TEC-AC-10001013,58.58,2,19.3314
CA-2016-122728,5/18/2016,EB-13930,West,OFF-ST-10000604,104.28,3,26.07
CA-2016-122728,5/18/2016,EB-13930,West,OFF-PA-10004040,17.94,3,8.7906
US-2016-101497,9/29/2016,PS-18760,West,OFF-PA-10000176,18.97,1,9.1056
CA-2016-147585,11/7/2016,CB-12535,West,FUR-FU-10002597,14.82,3,6.2244
CA-2015-148376,12/27/2015,AG-10900,West,OFF-AP-10000240,106.96,2,31.0184
CA-2015-148376,12/27/2015,AG-10900,West,OFF-LA-10002381,21.56,7,10.3488
CA-2014-135657,6/3/2014,SC-20725,West,FUR-TA-10004086,515.88,6,113.4936
CA-2014-139857,2/2/2014,CD-12790,West,OFF-FA-10001843,12.35,5,5.8045
CA-2016-106306,3/8/2016,PG-18820,West,OFF-BI-10003676,9.702,3,-7.1148
CA-2017-123491,10/30/2017,JK-15205,West,OFF-LA-10003077,43.86,6,20.6142
CA-2017-123491,10/30/2017,JK-15205,West,TEC-PH-10003505,148.48,2,16.704
CA-2017-123491,10/30/2017,JK-15205,West,OFF-PA-10003424,7.42,2,3.71
CA-2017-123491,10/30/2017,JK-15205,West,FUR-CH-10003061,71.992,1,-0.8999
CA-2017-123491,10/30/2017,JK-15205,West,OFF-AR-10003514,19.9,5,6.567
CA-2017-123491,10/30/2017,JK-15205,West,OFF-AP-10002684,1702.12,14,510.636
CA-2017-104003,10/7/2017,DC-13285,West,FUR-BO-10003965,307.666,2,-14.4784
CA-2015-130204,9/3/2015,DB-13120,West,OFF-ST-10001325,31.44,3,8.4888
CA-2015-130204,9/3/2015,DB-13120,West,TEC-AC-10003038,17.9,2,3.401
CA-2015-130204,9/3/2015,DB-13120,West,TEC-AC-10003590,129.45,5,46.602
CA-2014-110527,8/9/2014,ED-13885,West,OFF-LA-10000262,20.88,8,9.6048
CA-2017-168837,10/14/2017,JW-15955,West,FUR-FU-10001918,9.46,2,3.6894
CA-2017-116715,12/2/2017,VW-21775,West,OFF-ST-10004340,559.62,9,151.0974
CA-2017-116715,12/2/2017,VW-21775,West,OFF-PA-10004475,109.92,2,53.8608
CA-2017-116715,12/2/2017,VW-21775,West,OFF-PA-10003893,8.56,2,3.852
CA-2015-130785,9/5/2015,AG-10900,West,FUR-BO-10000330,411.332,4,-4.8392
CA-2015-130785,9/5/2015,AG-10900,West,OFF-BI-10001900,28.752,6,9.7038
CA-2015-130785,9/5/2015,AG-10900,West,FUR-BO-10003159,293.199,3,-20.6964
CA-2015-105347,11/24/2015,DP-13000,West,OFF-PA-10000675,368.91,9,180.7659
CA-2015-105347,11/24/2015,DP-13000,West,OFF-AR-10003045,14.7,5,6.615
CA-2016-100965,7/7/2016,RM-19375,West,FUR-FU-10003039,215.65,5,73.321
CA-2016-149461,11/13/2016,AS-10135,West,FUR-FU-10004270,4.18,1,1.5048
US-2016-116729,12/25/2016,GK-14620,West,TEC-PH-10002200,2575.944,7,257.5944
US-2016-116729,12/25/2016,GK-14620,West,OFF-PA-10002005,45.36,7,21.7728
US-2016-116729,12/25/2016,GK-14620,West,TEC-AC-10001465,254.24,7,76.272
CA-2015-131597,9/14/2015,SP-20620,West,FUR-TA-10002607,170.136,3,-8.5068
CA-2015-164833,6/4/2015,LL-16840,West,OFF-LA-10000443,7.38,2,3.4686
CA-2015-164833,6/4/2015,LL-16840,West,OFF-AR-10004685,9.26,2,3.0558
CA-2015-125423,12/13/2015,MC-17575,West,OFF-LA-10001771,9.96,2,4.5816
CA-2016-167507,12/22/2016,SA-20830,West,OFF-BI-10003694,31.32,10,-25.056
CA-2016-167507,12/22/2016,SA-20830,West,FUR-FU-10001935,11.84,4,3.108
CA-2016-167507,12/22/2016,SA-20830,West,FUR-FU-10002878,22.784,1,4.8416
US-2017-113852,7/29/2017,GW-14605,West,TEC-AC-10003027,90.57,3,11.7741
CA-2017-128370,9/10/2017,FH-14275,West,FUR-CH-10002602,362.352,3,27.1764
CA-2017-128370,9/10/2017,FH-14275,West,OFF-BI-10004140,7.184,2,2.245
CA-2014-114643,6/13/2014,FM-14215,West,OFF-AR-10003631,14.52,3,4.7916
US-2016-100839,10/13/2016,NC-18625,West,FUR-TA-10004575,727.45,5,-465.568
US-2016-100839,10/13/2016,NC-18625,West,FUR-FU-10001617,24.96,3,4.368
CA-2017-118857,4/15/2017,AH-10075,West,FUR-FU-10004460,196.45,5,70.722
CA-2016-148201,8/26/2016,CC-12145,West,OFF-PA-10000019,6.48,1,3.1104
CA-2014-116932,7/21/2014,ME-18010,West,OFF-AR-10002067,99.2,5,25.792
CA-2014-116932,7/21/2014,ME-18010,West,FUR-CH-10001215,801.568,2,50.098
CA-2014-116932,7/21/2014,ME-18010,West,FUR-TA-10004175,272.848,1,27.2848
CA-2017-142888,11/21/2017,BP-11230,West,FUR-TA-10004767,70.98,1,20.5842
CA-2017-118885,12/29/2017,JG-15160,West,FUR-CH-10002880,393.568,4,-44.2764
CA-2017-118885,12/29/2017,JG-15160,West,TEC-PH-10002563,302.376,3,22.6782
CA-2016-147578,4/22/2016,PG-18895,West,FUR-FU-10001889,31.56,3,10.4148
CA-2014-157623,3/14/2014,DK-13225,West,OFF-PA-10001204,10.56,2,4.752
CA-2014-157623,3/14/2014,DK-13225,West,OFF-AR-10003723,3.38,1,1.2506
CA-2016-100083,11/24/2016,CD-11980,West,OFF-PA-10000241,24.784,1,7.745
CA-2015-109197,12/31/2015,JO-15280,West,OFF-BI-10004632,487.984,2,152.495
CA-2017-167094,10/21/2017,DK-12835,West,OFF-PA-10003953,5.184,1,1.8144
CA-2017-167094,10/21/2017,DK-12835,West,FUR-CH-10000155,478.48,2,47.848
CA-2017-167094,10/21/2017,DK-12835,West,TEC-AC-10003116,28.4,2,6.745
CA-2015-157959,2/3/2015,RW-19540,West,FUR-FU-10004093,136.92,4,41.076
CA-2016-105963,11/15/2016,SC-20770,West,TEC-AC-10003832,99.39,3,40.7499
CA-2017-126865,12/5/2017,NP-18325,West,OFF-PA-10003039,92.94,3,41.823
CA-2017-102834,3/9/2017,LW-16990,West,TEC-AC-10001908,199.98,2,69.993
US-2016-139710,6/9/2016,GM-14680,West,TEC-PH-10001198,177.48,3,19.9665
CA-2017-121538,11/28/2017,RH-19495,West,OFF-PA-10004071,88.768,2,31.0688
US-2017-101539,3/16/2017,VM-21685,West,OFF-PA-10001972,6.48,1,3.1104
US-2017-101539,3/16/2017,VM-21685,West,OFF-ST-10004180,46.51,1,1.8604
US-2017-101539,3/16/2017,VM-21685,West,TEC-PH-10004165,659.976,3,49.4982
CA-2016-152121,11/27/2016,CC-12670,West,TEC-PH-10002483,271.992,1,23.7993
CA-2017-101245,11/27/2017,LW-16990,West,OFF-PA-10003129,244.55,5,114.9385
CA-2017-101245,11/27/2017,LW-16990,West,TEC-AC-10001284,166.16,8,59.8176
CA-2015-141768,5/25/2015,NP-18685,West,FUR-FU-10002268,14.73,3,4.8609
CA-2016-112109,7/8/2016,JE-15715,West,OFF-BI-10002082,19.968,2,-13.312
CA-2016-112109,7/8/2016,JE-15715,West,OFF-ST-10001505,33.488,7,-1.2558
CA-2016-112109,7/8/2016,JE-15715,West,OFF-BI-10001634,8.736,4,-6.1152
CA-2016-112109,7/8/2016,JE-15715,West,FUR-CH-10004287,662.88,3,74.574
CA-2015-109939,5/8/2015,AA-10375,West,OFF-AR-10000127,5.248,2,0.5904
CA-2016-112669,4/14/2016,KT-16465,West,FUR-CH-10004086,933.536,4,105.0228
CA-2016-112669,4/14/2016,KT-16465,West,OFF-ST-10001228,42.976,4,4.2976
CA-2014-164721,11/25/2014,LW-16825,West,OFF-AP-10000240,320.88,6,93.0552
CA-2014-164721,11/25/2014,LW-16825,West,FUR-FU-10001940,23.88,3,10.5072
CA-2014-164721,11/25/2014,LW-16825,West,OFF-PA-10000575,26.76,4,12.3096
CA-2017-133648,6/25/2017,ML-17755,West,OFF-LA-10003923,71.04,6,26.64
CA-2017-133648,6/25/2017,ML-17755,West,OFF-AR-10002257,5.344,2,0.7348
CA-2017-133648,6/25/2017,ML-17755,West,OFF-FA-10004395,11.304,3,-2.1195
CA-2017-166128,4/11/2017,LW-17215,West,TEC-AC-10001767,199.95,5,21.9945
CA-2017-166128,4/11/2017,LW-17215,West,OFF-AR-10001221,41.86,7,14.2324
CA-2015-113110,3/19/2015,BK-11260,West,OFF-BI-10000088,17.568,2,6.3684
CA-2015-113110,3/19/2015,BK-11260,West,OFF-LA-10000240,14.62,2,6.8714
CA-2015-113110,3/19/2015,BK-11260,West,OFF-SU-10001165,33.36,4,8.6736
CA-2015-113110,3/19/2015,BK-11260,West,OFF-PA-10002749,40.14,6,19.6686
US-2017-111241,8/20/2017,GM-14500,West,OFF-BI-10002867,239.12,5,77.714
CA-2015-114237,3/13/2015,MC-17275,West,FUR-BO-10004409,141.96,2,39.7488
CA-2016-113516,9/8/2016,VM-21685,West,OFF-BI-10002225,33.024,2,11.5584
CA-2016-113516,9/8/2016,VM-21685,West,OFF-BI-10001989,67.136,4,23.4976
CA-2015-119214,1/23/2015,CW-11905,West,OFF-PA-10002893,29.04,3,13.9392
CA-2015-119214,1/23/2015,CW-11905,West,OFF-LA-10003077,14.62,2,6.8714
CA-2015-122287,6/18/2015,SN-20560,West,OFF-PA-10001661,11.952,3,4.3326
CA-2015-122287,6/18/2015,SN-20560,West,OFF-BI-10004656,4.536,7,-3.3264
CA-2015-122287,6/18/2015,SN-20560,West,OFF-BI-10003707,9.156,2,-6.104
CA-2015-122287,6/18/2015,SN-20560,West,FUR-FU-10004973,75.36,5,20.724
CA-2015-104493,10/2/2015,EB-13705,West,OFF-BI-10004817,57.504,6,20.1264
CA-2014-106439,10/31/2014,GG-14650,West,OFF-FA-10002975,11.34,3,5.2164
CA-2014-106439,10/31/2014,GG-14650,West,OFF-ST-10003996,80.3,5,20.878
CA-2014-106439,10/31/2014,GG-14650,West,OFF-BI-10002571,15.968,2,5.3892
CA-2014-106439,10/31/2014,GG-14650,West,OFF-PA-10000477,64.74,13,30.4278
CA-2014-106439,10/31/2014,GG-14650,West,OFF-BI-10004209,19.296,3,6.03
CA-2014-106439,10/31/2014,GG-14650,West,OFF-ST-10001963,405.64,4,12.1692
CA-2014-106439,10/31/2014,GG-14650,West,FUR-CH-10003833,146.352,3,-9.147
CA-2014-106439,10/31/2014,GG-14650,West,TEC-AC-10004568,251.91,9,47.8629
CA-2014-106439,10/31/2014,GG-14650,West,OFF-AR-10001419,12.39,3,3.717
CA-2015-133452,4/13/2015,ZC-21910,West,TEC-AC-10002800,199.96,4,69.986
CA-2015-133452,4/13/2015,ZC-21910,West,FUR-TA-10003954,710.832,3,-97.7394
US-2017-110996,11/20/2017,KA-16525,West,FUR-CH-10003956,283.92,5,-46.137
CA-2016-129693,11/26/2016,TC-20980,West,OFF-BI-10002954,7.312,2,2.5592
CA-2017-122504,11/7/2017,DB-13270,West,TEC-AC-10003289,59.97,3,13.7931
CA-2017-122504,11/7/2017,DB-13270,West,TEC-PH-10002468,761.544,7,66.6351
CA-2014-131051,12/1/2014,TR-21325,West,FUR-FU-10001861,58.2,3,28.518
CA-2015-120103,12/24/2015,MS-17365,West,OFF-PA-10001295,106.232,7,37.1812
CA-2015-120103,12/24/2015,MS-17365,West,TEC-PH-10002170,111.984,2,11.1984
CA-2015-120103,12/24/2015,MS-17365,West,FUR-FU-10002885,7.712,2,1.7352
CA-2017-104647,2/23/2017,CK-12595,West,OFF-PA-10002870,37.44,6,16.848
CA-2015-139290,10/26/2015,MY-17380,West,OFF-LA-10004008,5.76,2,2.6496
CA-2015-149678,4/13/2015,AW-10840,West,OFF-SU-10004498,12.88,1,0.3864
CA-2017-124401,9/7/2017,RD-19900,West,OFF-ST-10000649,37.68,3,2.355
CA-2017-124401,9/7/2017,RD-19900,West,TEC-AC-10002926,279.944,7,80.4839
US-2014-140116,3/10/2014,KT-16480,West,OFF-ST-10000078,636.408,3,-15.9102
US-2014-140116,3/10/2014,KT-16480,West,OFF-AR-10001044,83.168,4,9.3564
CA-2014-123295,7/18/2014,AH-10120,West,FUR-CH-10002372,259.136,4,-25.9136
CA-2015-164882,10/31/2015,SG-20080,West,OFF-PA-10000157,19.98,1,9.3906
CA-2015-164882,10/31/2015,SG-20080,West,OFF-BI-10004519,398.352,3,124.485
CA-2015-164882,10/31/2015,SG-20080,West,OFF-AR-10004272,5.04,3,1.26
CA-2015-164882,10/31/2015,SG-20080,West,OFF-FA-10000585,17.45,5,8.027
CA-2015-164882,10/31/2015,SG-20080,West,FUR-CH-10004218,323.136,4,20.196
CA-2015-164882,10/31/2015,SG-20080,West,OFF-SU-10004231,29.7,3,8.019
CA-2015-164882,10/31/2015,SG-20080,West,TEC-PH-10001578,1295.84,4,145.782
CA-2015-164882,10/31/2015,SG-20080,West,OFF-ST-10003638,46.84,2,12.6468
CA-2015-164882,10/31/2015,SG-20080,West,FUR-BO-10002213,425.833,1,20.0392
CA-2016-130267,9/19/2016,SW-20245,West,OFF-PA-10002222,159.88,7,73.5448
CA-2017-155460,4/13/2017,RW-19630,West,OFF-PA-10002479,5.28,1,2.376
CA-2017-155460,4/13/2017,RW-19630,West,OFF-BI-10003091,895.92,5,302.373
CA-2017-158246,11/9/2017,JB-15400,West,FUR-CH-10003061,215.976,3,-2.6997
CA-2014-141607,12/12/2014,WB-21850,West,FUR-FU-10003975,43.31,1,4.331
CA-2016-111115,7/25/2016,LB-16735,West,OFF-FA-10000624,21.48,6,10.74
CA-2016-101938,1/7/2016,DW-13480,West,OFF-AR-10003696,34.58,1,10.0282
CA-2017-166296,3/13/2017,KF-16285,West,OFF-PA-10004359,314.55,3,150.984
CA-2014-152296,8/1/2014,IL-15100,West,OFF-BI-10004506,19.752,3,6.9132
CA-2016-125738,10/15/2016,PB-18805,West,OFF-PA-10000740,45.68,2,21.0128
CA-2016-125738,10/15/2016,PB-18805,West,OFF-PA-10003001,60.12,9,28.8576
CA-2016-125738,10/15/2016,PB-18805,West,OFF-BI-10001628,41.72,5,13.0375
CA-2016-125738,10/15/2016,PB-18805,West,OFF-PA-10001509,71.6,8,32.936
CA-2017-124576,8/1/2017,HK-14890,West,OFF-BI-10002735,54.896,2,18.5274
CA-2016-118913,6/25/2016,AS-10240,West,OFF-AP-10000692,60.81,3,17.0268
CA-2016-128412,12/10/2016,AP-10915,West,OFF-BI-10001718,153.552,3,51.8238
CA-2016-128412,12/10/2016,AP-10915,West,OFF-AP-10002082,65.34,3,22.869
CA-2016-128412,12/10/2016,AP-10915,West,OFF-PA-10001125,123.92,4,55.764
CA-2016-128412,12/10/2016,AP-10915,West,OFF-AP-10000252,35.1,3,12.285
CA-2016-128412,12/10/2016,AP-10915,West,TEC-AC-10003038,44.75,5,8.5025
CA-2015-138002,9/6/2015,BT-11305,West,OFF-BI-10002160,6.096,2,2.1336
CA-2015-138002,9/6/2015,BT-11305,West,FUR-FU-10004748,191.82,3,74.8098
CA-2017-129378,10/1/2017,NS-18505,West,OFF-BI-10002012,1.44,1,0.504
CA-2017-129378,10/1/2017,NS-18505,West,OFF-BI-10001922,61.776,13,20.8494
CA-2017-129378,10/1/2017,NS-18505,West,OFF-AP-10000576,241.96,2,60.49
CA-2017-129378,10/1/2017,NS-18505,West,FUR-CH-10000553,108.608,4,9.5032
CA-2017-130841,7/28/2017,MH-17620,West,OFF-BI-10000145,9.984,4,3.6192
CA-2017-130841,7/28/2017,MH-17620,West,OFF-ST-10001580,14.98,1,4.1944
CA-2017-130841,7/28/2017,MH-17620,West,TEC-PH-10001817,1145.6,4,100.24
CA-2016-106383,3/19/2016,BT-11440,West,FUR-BO-10002202,72.294,1,-98.8018
CA-2014-128055,3/31/2014,AA-10315,West,OFF-BI-10004390,673.568,2,252.588
CA-2014-128055,3/31/2014,AA-10315,West,OFF-AP-10002765,52.98,2,14.8344
CA-2015-123232,12/14/2015,DJ-13630,West,TEC-PH-10001051,319.968,4,35.9964
CA-2016-122322,7/15/2016,RH-19510,West,OFF-SU-10000952,44.4,5,12.432
CA-2016-146633,11/15/2016,TG-21310,West,OFF-BI-10003527,1016.792,1,381.297
CA-2016-146633,11/15/2016,TG-21310,West,OFF-BI-10002982,38.136,7,13.3476
CA-2017-103380,11/21/2017,BF-11005,West,OFF-ST-10003442,56.56,2,15.2712
CA-2017-103380,11/21/2017,BF-11005,West,OFF-AR-10003856,5.56,2,1.4456
CA-2017-103380,11/21/2017,BF-11005,West,OFF-FA-10004248,9.02,2,3.5178
CA-2017-103380,11/21/2017,BF-11005,West,OFF-AP-10001492,8.62,1,2.2412
CA-2017-103380,11/21/2017,BF-11005,West,TEC-PH-10004165,659.976,3,49.4982
CA-2015-116092,2/15/2015,JM-16195,West,OFF-PA-10004285,13.36,2,6.4128
CA-2015-116092,2/15/2015,JM-16195,West,OFF-BI-10001628,41.72,5,13.0375
CA-2015-116092,2/15/2015,JM-16195,West,OFF-BI-10000546,11.52,5,4.176
CA-2015-116092,2/15/2015,JM-16195,West,OFF-AP-10001391,541.44,6,157.0176
CA-2015-116092,2/15/2015,JM-16195,West,OFF-PA-10000477,19.44,3,9.3312
CA-2016-117849,4/15/2016,JK-16120,West,OFF-PA-10004327,143.7,3,68.976
CA-2015-169201,9/28/2015,HG-14965,West,OFF-AP-10000696,43.26,3,14.2758
CA-2015-169201,9/28/2015,HG-14965,West,OFF-AP-10002082,43.56,2,15.246
CA-2017-105214,6/16/2017,TS-21610,West,FUR-CH-10000015,1212.96,7,90.972
CA-2017-105214,6/16/2017,TS-21610,West,OFF-PA-10001776,18.54,2,8.7138
CA-2015-117611,11/8/2015,MZ-17335,West,OFF-FA-10002280,5,1,2.4
CA-2015-117611,11/8/2015,MZ-17335,West,TEC-AC-10002049,371.97,3,66.9546
CA-2017-137470,9/17/2017,TP-21415,West,OFF-PA-10002001,12.96,2,6.3504
CA-2015-102036,9/21/2015,CS-12130,West,OFF-ST-10003123,199.74,6,47.9376
CA-2015-142944,3/6/2015,JL-15850,West,FUR-FU-10000308,435.26,7,95.7572
CA-2015-142944,3/6/2015,JL-15850,West,TEC-CO-10003763,1119.984,2,377.9946
CA-2014-157882,10/3/2014,AR-10405,West,FUR-TA-10001866,143.432,1,3.5858
CA-2014-157882,10/3/2014,AR-10405,West,FUR-CH-10002774,122.352,3,13.7646
CA-2017-142622,10/30/2017,JK-15625,West,FUR-CH-10003833,97.568,2,-6.098
CA-2017-142622,10/30/2017,JK-15625,West,FUR-CH-10004289,614.272,8,-23.0352
CA-2017-142622,10/30/2017,JK-15625,West,FUR-BO-10004467,199.98,2,37.9962
CA-2017-143343,6/10/2017,BW-11200,West,OFF-AR-10002375,16.4,5,4.756
CA-2017-115154,1/8/2017,RS-19420,West,FUR-TA-10001950,892.98,2,80.3682
US-2017-120418,6/11/2017,BC-11125,West,FUR-CH-10001394,280.792,1,35.099
US-2017-120418,6/11/2017,BC-11125,West,OFF-ST-10002370,68.448,4,7.7004
US-2017-120418,6/11/2017,BC-11125,West,OFF-AR-10002956,88.04,5,6.603
US-2017-120418,6/11/2017,BC-11125,West,OFF-AR-10001955,15.872,1,1.984
US-2017-120418,6/11/2017,BC-11125,West,OFF-ST-10001809,215.592,3,-48.5082
CA-2017-165491,3/20/2017,HW-14935,West,TEC-AC-10000358,265.93,7,63.8232
CA-2017-138422,9/23/2017,KN-16705,West,OFF-EN-10004147,14.352,3,5.2026
CA-2016-155187,9/24/2016,LA-16780,West,OFF-ST-10000642,41.96,2,2.9372
CA-2016-155187,9/24/2016,LA-16780,West,OFF-PA-10000380,41.7,5,20.85
CA-2017-109701,12/2/2017,AM-10360,West,OFF-BI-10004187,9.024,6,3.1584
CA-2017-109701,12/2/2017,AM-10360,West,OFF-BI-10000632,69.456,2,22.5732
CA-2017-109701,12/2/2017,AM-10360,West,OFF-PA-10003724,10.86,2,5.3214
CA-2017-109701,12/2/2017,AM-10360,West,OFF-AP-10002765,79.47,3,22.2516
CA-2017-109701,12/2/2017,AM-10360,West,OFF-AR-10001868,10.08,6,5.04
CA-2015-111514,8/31/2015,SC-20260,West,FUR-BO-10002545,1552.831,7,200.9546
CA-2015-111514,8/31/2015,SC-20260,West,OFF-BI-10002735,137.24,5,46.3185
CA-2015-111514,8/31/2015,SC-20260,West,TEC-AC-10004864,36.51,1,15.6993
CA-2015-111514,8/31/2015,SC-20260,West,TEC-MA-10000597,239.976,3,80.9919
CA-2014-102295,11/24/2014,EH-13990,West,FUR-CH-10001714,120.712,1,-18.1068
CA-2015-148628,12/6/2015,KM-16375,West,OFF-PA-10003883,32.75,5,15.065
US-2017-117534,3/25/2017,CV-12295,West,OFF-AP-10002403,176.04,4,45.7704
US-2017-117534,3/25/2017,CV-12295,West,OFF-AR-10003087,16.02,9,4.4856
US-2017-117534,3/25/2017,CV-12295,West,OFF-BI-10002026,185.92,4,62.748
US-2017-117534,3/25/2017,CV-12295,West,TEC-PH-10000141,211.168,4,15.8376
US-2017-117534,3/25/2017,CV-12295,West,TEC-CO-10000971,479.984,2,59.998
CA-2015-145065,12/12/2015,DK-13375,West,OFF-FA-10001229,7.86,2,3.6156
CA-2015-145065,12/12/2015,DK-13375,West,OFF-BI-10002437,24.448,2,8.8624
CA-2017-169264,8/14/2017,NP-18700,West,OFF-LA-10001613,5.76,2,2.8224
CA-2017-169264,8/14/2017,NP-18700,West,OFF-AR-10000246,16.68,6,4.3368
CA-2017-108574,10/7/2017,MG-18145,West,TEC-AC-10002049,1115.91,9,200.8638
CA-2017-108574,10/7/2017,MG-18145,West,TEC-PH-10003555,128.744,7,-28.9674
CA-2017-108574,10/7/2017,MG-18145,West,TEC-PH-10000702,79.92,10,26.973
CA-2017-144589,1/20/2017,TM-21010,West,OFF-AR-10003631,24.2,5,7.986
CA-2017-144589,1/20/2017,TM-21010,West,TEC-PH-10003072,359.976,3,130.4913
CA-2017-155985,3/23/2017,BE-11335,West,FUR-FU-10000758,211.84,8,76.2624
CA-2015-142041,6/7/2015,EM-13810,West,OFF-BI-10004187,7.52,5,2.632
CA-2014-151295,11/12/2014,JA-15970,West,OFF-PA-10001947,11.96,2,5.8604
CA-2014-151295,11/12/2014,JA-15970,West,FUR-TA-10002356,629.064,3,31.4532
CA-2017-168655,10/12/2017,ML-18040,West,TEC-AC-10002842,595,5,95.2
CA-2017-168655,10/12/2017,ML-18040,West,OFF-BI-10002082,79.872,3,29.952
CA-2016-107202,5/21/2016,LC-16930,West,TEC-MA-10000112,2396.4,10,179.73
CA-2017-159597,11/9/2017,MC-17590,West,OFF-ST-10002289,63.56,2,3.178
CA-2017-159597,11/9/2017,MC-17590,West,TEC-AC-10004171,99.99,1,43.9956
CA-2017-100748,5/13/2017,RB-19795,West,OFF-LA-10000240,58.48,8,27.4856
CA-2017-129805,12/28/2017,HM-14860,West,FUR-FU-10001935,7.4,2,3.034
CA-2017-140053,7/3/2017,CA-12265,West,FUR-FU-10003708,545.85,9,114.6285
CA-2014-164210,11/18/2014,PW-19240,West,FUR-TA-10000849,145.98,2,-99.2664
CA-2014-164210,11/18/2014,PW-19240,West,OFF-PA-10002259,35.808,4,12.5328
CA-2015-100573,9/25/2015,AM-10705,West,OFF-EN-10000461,17.48,2,8.2156
CA-2016-140207,11/5/2016,CS-12400,West,OFF-BI-10003963,29.12,5,9.828
CA-2015-142419,7/11/2015,SC-20380,West,OFF-PA-10001763,29.97,3,13.4865
CA-2015-142419,7/11/2015,SC-20380,West,OFF-BI-10001597,98.352,3,34.4232
CA-2016-114972,11/3/2016,PF-19225,West,FUR-CH-10001190,217.584,2,-29.9178
CA-2016-114972,11/3/2016,PF-19225,West,TEC-AC-10000682,82.95,5,29.0325
CA-2016-114972,11/3/2016,PF-19225,West,OFF-LA-10004545,87.71,7,41.2237
CA-2016-114972,11/3/2016,PF-19225,West,OFF-AP-10003057,1101.48,4,429.5772
CA-2017-102750,9/4/2017,GM-14695,West,FUR-TA-10000198,1322.352,3,-99.1764
CA-2017-147956,12/24/2017,AH-10210,West,OFF-ST-10001097,1003.62,6,0
CA-2017-126067,8/28/2017,KN-16705,West,TEC-PH-10000912,35.168,4,11.4296
CA-2017-126067,8/28/2017,KN-16705,West,FUR-TA-10000617,1137.75,5,250.305
CA-2017-126067,8/28/2017,KN-16705,West,OFF-BI-10001658,99.68,5,32.396
CA-2017-126067,8/28/2017,KN-16705,West,OFF-AR-10003856,5.56,2,1.4456
CA-2014-113579,12/13/2014,KD-16345,West,OFF-PA-10001457,90.24,6,41.5104
CA-2015-122371,9/26/2015,BS-11800,West,OFF-ST-10002370,64.17,3,18.6093
CA-2015-122371,9/26/2015,BS-11800,West,OFF-EN-10000056,124.46,2,58.4962
CA-2016-126935,5/19/2016,BT-11395,West,OFF-BI-10004817,9.584,1,3.3544
CA-2016-149482,11/14/2016,RR-19315,West,OFF-LA-10000248,7.38,2,3.4686
CA-2014-143917,7/25/2014,KL-16645,West,OFF-ST-10001228,53.72,4,15.0416
CA-2014-143917,7/25/2014,KL-16645,West,OFF-SU-10000151,8187.65,5,327.506
CA-2014-143917,7/25/2014,KL-16645,West,FUR-FU-10004351,77.92,8,34.2848
CA-2017-163902,3/2/2017,MY-17380,West,TEC-PH-10000675,196.776,3,14.7582
CA-2017-163902,3/2/2017,MY-17380,West,TEC-AC-10000580,479.94,6,52.7934
CA-2015-143238,9/6/2015,LO-17170,West,TEC-AC-10003499,46.32,4,18.0648
CA-2015-113404,7/16/2015,EM-13810,West,FUR-CH-10003312,1348.704,6,-219.1644
CA-2015-113404,7/16/2015,EM-13810,West,FUR-CH-10004086,700.152,3,78.7671
CA-2016-144792,4/30/2016,KD-16615,West,FUR-FU-10002759,111.888,7,22.3776
CA-2017-108070,4/16/2017,JE-15745,West,OFF-ST-10004804,205.92,4,2.0592
CA-2017-108070,4/16/2017,JE-15745,West,FUR-BO-10001337,102.833,1,-6.049
US-2015-128090,8/16/2015,JM-15865,West,OFF-AR-10002255,2.304,1,0.2592
US-2015-128090,8/16/2015,JM-15865,West,TEC-PH-10002624,1879.96,5,211.4955
US-2015-128090,8/16/2015,JM-15865,West,OFF-PA-10001878,313.024,8,105.6456
US-2015-128090,8/16/2015,JM-15865,West,OFF-LA-10000452,5.04,2,1.764
CA-2015-147788,5/31/2015,TM-21010,West,FUR-BO-10004357,1406.86,7,140.686
CA-2015-147788,5/31/2015,TM-21010,West,OFF-LA-10003766,15.75,5,7.56
CA-2015-147788,5/31/2015,TM-21010,West,OFF-ST-10000046,323.1,2,61.389
CA-2017-123967,11/1/2017,SF-20200,West,OFF-BI-10001308,25.12,5,7.85
CA-2017-123967,11/1/2017,SF-20200,West,FUR-TA-10003954,2665.62,9,239.9058
CA-2016-137729,5/5/2016,BF-11005,West,OFF-ST-10001505,5.98,1,1.0166
CA-2016-137729,5/5/2016,BF-11005,West,TEC-PH-10001433,246.168,3,21.5397
CA-2016-154053,3/4/2016,MG-17890,West,OFF-AR-10003727,16.99,1,4.9271
CA-2016-137204,4/28/2016,BO-11350,West,FUR-CH-10002304,41.568,2,2.598
CA-2014-147298,4/26/2014,AG-10300,West,FUR-CH-10004886,230.28,3,23.028
CA-2014-147298,4/26/2014,AG-10300,West,OFF-BI-10001525,18.288,6,5.715
CA-2017-147942,4/1/2017,MS-17365,West,OFF-LA-10003663,5.78,2,2.7166
CA-2017-147942,4/1/2017,MS-17365,West,OFF-BI-10001294,121.68,13,38.025
CA-2017-115931,12/22/2017,JM-15655,West,OFF-AR-10000369,4.17,3,1.0842
CA-2017-115931,12/22/2017,JM-15655,West,TEC-PH-10001300,67.04,4,6.704
CA-2017-115931,12/22/2017,JM-15655,West,OFF-ST-10000876,37.32,3,10.4496
CA-2017-115931,12/22/2017,JM-15655,West,OFF-LA-10001404,18.45,5,8.6715
US-2017-110604,5/15/2017,JF-15295,West,FUR-FU-10000076,39.96,2,17.1828
US-2017-110604,5/15/2017,JF-15295,West,FUR-CH-10002017,42.624,2,4.2624
US-2017-110604,5/15/2017,JF-15295,West,FUR-CH-10004287,220.96,1,24.858
CA-2015-162369,8/15/2015,TT-21265,West,OFF-ST-10000046,323.1,2,61.389
US-2016-146794,9/26/2016,SH-19975,West,FUR-BO-10004467,424.9575,5,19.998
CA-2017-112515,9/17/2017,AS-10225,West,OFF-BI-10000829,10.776,3,3.5022
CA-2017-112515,9/17/2017,AS-10225,West,OFF-BI-10003712,11.784,3,4.2717
CA-2017-112515,9/17/2017,AS-10225,West,OFF-PA-10000062,164.88,3,80.7912
CA-2017-112515,9/17/2017,AS-10225,West,FUR-BO-10003404,1292.94,3,77.5764
CA-2017-112515,9/17/2017,AS-10225,West,OFF-BI-10004233,25.584,2,8.9544
CA-2017-112515,9/17/2017,AS-10225,West,OFF-ST-10001272,261.74,2,65.435
CA-2017-112515,9/17/2017,AS-10225,West,OFF-LA-10001175,14.4,5,7.056
CA-2016-150343,8/16/2016,PK-19075,West,OFF-EN-10004030,10.86,3,5.1042
CA-2015-135538,12/24/2015,HR-14830,West,FUR-CH-10004287,883.84,4,99.432
US-2015-139759,8/25/2015,NL-18310,West,FUR-CH-10002774,40.784,1,4.5882
US-2015-139759,8/25/2015,NL-18310,West,OFF-AP-10002765,105.96,4,29.6688
CA-2017-136875,12/3/2017,TC-21295,West,OFF-PA-10000357,166.44,3,79.8912
US-2014-160780,6/21/2014,SV-20785,West,OFF-BI-10001116,11.088,7,-8.1312
US-2014-160780,6/21/2014,SV-20785,West,OFF-BI-10002931,25.164,2,-16.776
CA-2017-137085,6/29/2017,CT-11995,West,OFF-BI-10000632,312.552,9,101.5794
CA-2015-153220,11/12/2015,YC-21895,West,OFF-PA-10003016,15.7,5,7.065
US-2016-144211,8/28/2016,CS-12130,West,OFF-PA-10002246,15.48,3,5.6115
US-2016-144211,8/28/2016,CS-12130,West,TEC-PH-10002890,108.576,3,8.1432
CA-2016-138079,1/22/2016,AJ-10795,West,FUR-FU-10001475,109.9,5,37.366
CA-2017-155873,6/16/2017,AB-10255,West,OFF-SU-10001165,16.68,2,4.3368
CA-2017-155873,6/16/2017,AB-10255,West,OFF-PA-10001246,19.44,3,9.3312
CA-2017-155873,6/16/2017,AB-10255,West,OFF-PA-10001815,192.16,4,92.2368
CA-2015-121797,1/30/2015,CC-12145,West,FUR-FU-10001876,227.36,7,81.8496
CA-2015-121797,1/30/2015,CC-12145,West,TEC-MA-10000488,1919.976,3,215.9973
CA-2015-103723,12/1/2015,BT-11305,West,OFF-AR-10003251,13.9,5,5.56
CA-2017-144827,12/21/2017,SE-20110,West,OFF-ST-10004340,124.36,2,33.5772
CA-2014-153479,10/4/2014,DF-13135,West,OFF-LA-10004689,14.45,5,6.7915
CA-2014-153479,10/4/2014,DF-13135,West,OFF-BI-10002867,95.648,2,31.0856
CA-2017-104801,2/13/2017,FH-14350,West,OFF-AR-10001547,6.63,3,1.7901
CA-2017-104801,2/13/2017,FH-14350,West,TEC-AC-10001838,799.96,4,343.9828
CA-2017-104801,2/13/2017,FH-14350,West,FUR-FU-10004017,107.53,1,21.506
CA-2015-129770,2/21/2015,JE-15715,West,OFF-PA-10000249,49.12,4,23.0864
CA-2014-149244,11/4/2014,MS-17530,West,FUR-FU-10004671,35.34,2,13.4292
CA-2015-140144,6/20/2015,SC-20770,West,FUR-FU-10002253,257.64,6,100.4796
CA-2015-140144,6/20/2015,SC-20770,West,TEC-PH-10002726,125.976,3,47.241
US-2014-141257,6/8/2014,CS-11950,West,FUR-CH-10002758,585.552,3,73.194
CA-2014-154669,8/8/2014,TM-21010,West,OFF-ST-10000532,423.28,11,110.0528
CA-2014-158029,5/26/2014,HF-14995,West,FUR-CH-10000988,225.296,2,22.5296
CA-2015-155306,4/17/2015,GA-14515,West,OFF-AR-10003251,5.56,2,2.224
CA-2015-155306,4/17/2015,GA-14515,West,TEC-AC-10003174,323.37,3,129.348
CA-2015-155306,4/17/2015,GA-14515,West,TEC-PH-10002310,783.96,5,68.5965
CA-2015-155306,4/17/2015,GA-14515,West,OFF-AP-10002651,1447.65,5,419.8185
CA-2015-155306,4/17/2015,GA-14515,West,OFF-PA-10001184,11.96,2,5.8604
CA-2014-129574,5/26/2014,Dp-13240,West,OFF-PA-10002893,48.4,5,23.232
CA-2017-126536,10/12/2017,NK-18490,West,TEC-AC-10003709,0.99,1,0.4356
CA-2017-126536,10/12/2017,NK-18490,West,OFF-BI-10001191,101.84,5,36.917
CA-2016-144729,10/21/2016,JE-15745,West,OFF-ST-10004804,154.44,3,1.5444
CA-2015-127019,12/21/2015,ER-13855,West,OFF-AP-10003971,60.984,7,4.5738
CA-2015-138534,7/17/2015,JM-15535,West,FUR-BO-10003159,195.466,2,-13.7976
CA-2015-149972,9/21/2015,CD-12790,West,FUR-CH-10004997,601.536,4,0
CA-2015-149972,9/21/2015,CD-12790,West,OFF-FA-10002763,7.9,2,2.528
CA-2014-154599,4/12/2014,KN-16450,West,TEC-PH-10001557,1075.088,14,94.0702
CA-2014-154599,4/12/2014,KN-16450,West,TEC-PH-10000576,438.368,4,38.3572
CA-2014-154599,4/12/2014,KN-16450,West,OFF-BI-10002764,18.088,7,6.5569
CA-2014-154599,4/12/2014,KN-16450,West,FUR-BO-10001337,308.499,3,-18.147
US-2015-110163,11/1/2015,GA-14725,West,OFF-AR-10001683,7.88,1,1.773
CA-2017-143329,11/3/2017,DL-13330,West,FUR-FU-10000629,41.37,3,17.3754
CA-2015-159380,5/12/2015,CS-12505,West,OFF-PA-10003893,12.84,3,5.778
CA-2015-159380,5/12/2015,CS-12505,West,OFF-PA-10004239,25.68,6,11.556
CA-2015-148635,7/25/2015,MH-18025,West,OFF-FA-10004395,9.42,2,0.471
CA-2015-148635,7/25/2015,MH-18025,West,OFF-PA-10004782,12.96,2,6.2208
CA-2015-148635,7/25/2015,MH-18025,West,FUR-BO-10002213,704.9,5,56.392
CA-2015-148635,7/25/2015,MH-18025,West,FUR-CH-10001854,561.568,2,28.0784
CA-2016-160500,5/5/2016,DM-13015,West,OFF-BI-10003784,6.72,5,2.352
CA-2016-160500,5/5/2016,DM-13015,West,FUR-TA-10003748,298.776,3,7.4694
CA-2017-100202,12/31/2016,BD-11620,West,TEC-PH-10002563,302.376,3,22.6782
CA-2014-148915,11/1/2014,ND-18370,West,OFF-ST-10001128,443.92,5,-94.333
CA-2014-148915,11/1/2014,ND-18370,West,TEC-PH-10000673,155.976,3,54.5916
CA-2017-110842,11/11/2017,GA-14725,West,OFF-AP-10003971,10.89,1,2.8314
CA-2017-110842,11/11/2017,GA-14725,West,OFF-PA-10000520,19.44,3,9.3312
CA-2017-110842,11/11/2017,GA-14725,West,OFF-BI-10000977,121.6,5,39.52
CA-2016-128594,8/26/2016,DJ-13510,West,FUR-CH-10001215,1603.136,4,100.196
US-2017-103828,8/13/2017,JK-15370,West,OFF-ST-10001325,31.44,3,8.4888
US-2017-103828,8/13/2017,JK-15370,West,OFF-AP-10004249,83.79,7,22.6233
US-2017-103828,8/13/2017,JK-15370,West,OFF-AR-10000588,59.52,3,15.4752
US-2017-103828,8/13/2017,JK-15370,West,OFF-SU-10000946,31.92,4,9.2568
CA-2014-148040,3/22/2014,BF-11275,West,OFF-PA-10002581,74.352,3,23.235
CA-2014-148040,3/22/2014,BF-11275,West,FUR-CH-10001482,314.352,3,-35.3646
CA-2017-135167,6/15/2017,SC-20800,West,OFF-AR-10002399,4.26,1,1.7466
CA-2017-137022,11/16/2017,SW-20275,West,OFF-ST-10001963,811.28,8,24.3384
US-2016-167339,1/21/2016,TD-20995,West,FUR-CH-10004289,153.568,2,-5.7588
US-2016-167339,1/21/2016,TD-20995,West,FUR-CH-10000785,1013.488,7,76.0116
CA-2016-130799,11/11/2016,BK-11260,West,FUR-FU-10001852,6.96,4,2.2272
CA-2016-164483,1/30/2016,JF-15490,West,OFF-BI-10000014,17.456,2,5.8914
US-2016-159856,10/18/2016,EP-13915,West,FUR-CH-10003396,307.92,5,-34.641
CA-2017-102099,12/18/2017,EP-13915,West,OFF-AR-10003811,6.63,3,1.7901
CA-2017-102099,12/18/2017,EP-13915,West,OFF-PA-10003172,12.96,2,6.2208
CA-2017-102099,12/18/2017,EP-13915,West,OFF-PA-10000289,32.4,5,15.552
CA-2017-164049,11/2/2017,KH-16630,West,OFF-PA-10000791,23.85,5,10.7325
CA-2014-127586,9/26/2014,CS-12400,West,OFF-ST-10002615,310.12,2,80.6312
CA-2017-166415,2/19/2017,ME-17725,West,OFF-FA-10004968,11.22,3,0.2244
CA-2017-164329,1/30/2017,MM-17920,West,OFF-ST-10001511,129.3,2,6.465
CA-2015-168564,8/8/2015,TT-21220,West,OFF-BI-10004970,6.608,2,2.2302
CA-2015-168564,8/8/2015,TT-21220,West,OFF-BI-10002557,7.28,2,2.73
CA-2015-168564,8/8/2015,TT-21220,West,FUR-CH-10000785,144.784,1,10.8588
US-2016-169040,12/6/2016,GT-14710,West,TEC-PH-10002310,156.792,1,13.7193
US-2016-169040,12/6/2016,GT-14710,West,TEC-PH-10002834,431.976,3,26.9985
US-2016-169040,12/6/2016,GT-14710,West,OFF-EN-10000927,35.89,1,16.1505
US-2016-169040,12/6/2016,GT-14710,West,OFF-BI-10001636,47.208,7,15.3426
US-2016-169040,12/6/2016,GT-14710,West,OFF-PA-10001736,248.08,7,116.5976
US-2016-169040,12/6/2016,GT-14710,West,OFF-PA-10000482,189.7,5,89.159
US-2016-169040,12/6/2016,GT-14710,West,OFF-BI-10001658,59.808,3,19.4376
CA-2017-126242,11/19/2017,MC-18100,West,OFF-ST-10000675,305.01,9,76.2525
CA-2017-126242,11/19/2017,MC-18100,West,FUR-FU-10002685,18.7,1,7.106
CA-2016-166443,11/4/2016,LH-17020,West,FUR-FU-10004020,38.29,7,16.4647
CA-2017-169859,12/14/2017,MP-18175,West,FUR-FU-10004963,26.25,3,11.025
CA-2017-169859,12/14/2017,MP-18175,West,OFF-BI-10000174,64.96,14,22.736
CA-2017-169859,12/14/2017,MP-18175,West,OFF-EN-10000461,43.7,5,20.539
CA-2017-134915,11/12/2017,EM-14140,West,TEC-AC-10001266,41.6,4,13
CA-2017-134915,11/12/2017,EM-14140,West,OFF-PA-10002160,23.12,5,8.381
CA-2017-134915,11/12/2017,EM-14140,West,FUR-CH-10004875,113.888,2,9.9652
CA-2017-134915,11/12/2017,EM-14140,West,FUR-FU-10000305,113.568,2,-5.6784
CA-2017-134915,11/12/2017,EM-14140,West,TEC-PH-10000347,7.92,2,0.693
CA-2017-134915,11/12/2017,EM-14140,West,TEC-PH-10001459,671.984,2,50.3988
CA-2015-158456,12/24/2015,KT-16465,West,OFF-BI-10001097,19.936,4,7.2268
CA-2015-158456,12/24/2015,KT-16465,West,OFF-FA-10004854,45.92,4,21.5824
CA-2017-143665,4/26/2017,PO-19180,West,OFF-PA-10003673,20.34,3,9.3564
CA-2017-143665,4/26/2017,PO-19180,West,OFF-LA-10002034,39.28,8,19.2472
CA-2017-137428,12/16/2017,AY-10555,West,FUR-CH-10002774,81.568,2,9.1764
CA-2017-137428,12/16/2017,AY-10555,West,FUR-CH-10003817,97.184,2,6.074
CA-2017-137428,12/16/2017,AY-10555,West,OFF-BI-10002949,24.32,5,8.208
CA-2017-137428,12/16/2017,AY-10555,West,FUR-FU-10002445,18.96,2,7.584
CA-2014-131310,7/12/2014,CL-12565,West,FUR-CH-10001797,123.136,4,13.8528
CA-2014-131310,7/12/2014,CL-12565,West,OFF-BI-10003094,11.264,4,3.8016
US-2014-112872,12/6/2014,RC-19960,West,OFF-ST-10002205,53.424,3,4.6746
US-2014-112872,12/6/2014,RC-19960,West,FUR-TA-10003238,275.49,1,-170.8038
CA-2016-139010,2/21/2016,MC-17635,West,TEC-AC-10004227,12.99,1,0.7794
CA-2016-139010,2/21/2016,MC-17635,West,OFF-BI-10000174,18.56,4,6.496
CA-2016-139010,2/21/2016,MC-17635,West,OFF-ST-10001809,449.15,5,8.983
CA-2016-139010,2/21/2016,MC-17635,West,OFF-BI-10002309,31.248,7,10.9368
CA-2016-112893,9/9/2016,AT-10735,West,OFF-BI-10004654,55.36,4,18.684
US-2014-150532,7/14/2014,PB-19150,West,OFF-ST-10000760,55.92,5,6.291
CA-2014-130729,10/24/2014,AA-10375,West,OFF-BI-10002706,34.272,3,11.1384
CA-2017-134845,4/17/2017,SR-20425,West,OFF-BI-10000773,12.03,5,-9.223
CA-2017-134845,4/17/2017,SR-20425,West,TEC-MA-10000822,2549.985,5,-3399.98
CA-2017-134845,4/17/2017,SR-20425,West,OFF-BI-10001543,21.594,2,-15.8356
CA-2017-134845,4/17/2017,SR-20425,West,OFF-BI-10003355,8.964,6,-6.5736
CA-2017-134845,4/17/2017,SR-20425,West,OFF-PA-10002005,20.736,4,7.2576
CA-2015-123568,11/8/2015,SC-20095,West,OFF-FA-10002701,5.04,3,0.2016
CA-2015-123568,11/8/2015,SC-20095,West,OFF-PA-10001125,92.94,3,41.823
CA-2015-123568,11/8/2015,SC-20095,West,FUR-FU-10004090,66.69,3,22.0077
CA-2015-123568,11/8/2015,SC-20095,West,OFF-BI-10001510,91.68,5,28.65
CA-2014-106719,8/24/2014,RB-19645,West,OFF-BI-10002799,8.288,2,2.6936
US-2016-164189,3/24/2016,DR-12880,West,TEC-PH-10003691,403.168,4,25.198
US-2016-114293,11/21/2016,JH-16180,West,FUR-CH-10003833,195.136,4,-12.196
CA-2017-101749,10/3/2017,AS-10045,West,FUR-TA-10001520,171.288,3,-6.4233
CA-2017-149559,9/11/2017,KF-16285,West,OFF-PA-10003172,12.96,2,6.2208
CA-2017-149559,9/11/2017,KF-16285,West,OFF-EN-10002312,22.18,2,10.8682
CA-2017-149559,9/11/2017,KF-16285,West,FUR-CH-10002320,2054.272,8,256.784
CA-2014-137351,9/30/2014,DB-13615,West,OFF-BI-10003910,43.176,7,13.4925
US-2017-148054,10/6/2017,NZ-18565,West,FUR-FU-10003247,41.96,2,2.9372
US-2017-148054,10/6/2017,NZ-18565,West,OFF-AP-10004336,227.84,4,66.0736
US-2017-148054,10/6/2017,NZ-18565,West,OFF-PA-10001295,37.94,2,18.2112
CA-2017-131492,10/19/2017,HH-15010,West,OFF-EN-10002973,8.96,2,4.3008
CA-2017-131492,10/19/2017,HH-15010,West,OFF-LA-10001641,31.5,10,15.12
CA-2017-131492,10/19/2017,HH-15010,West,FUR-FU-10003878,30.56,2,10.3904
CA-2017-131492,10/19/2017,HH-15010,West,FUR-TA-10003837,24.368,2,-3.3506
CA-2017-106859,3/13/2017,BF-11215,West,OFF-ST-10000615,90.8,8,25.424
CA-2017-106859,3/13/2017,BF-11215,West,TEC-PH-10004531,140.736,8,49.2576
CA-2017-106859,3/13/2017,BF-11215,West,TEC-AC-10004001,214.95,5,88.1295
CA-2017-106859,3/13/2017,BF-11215,West,OFF-PA-10001534,45.36,7,21.7728
CA-2017-106859,3/13/2017,BF-11215,West,OFF-PA-10001815,288.24,6,138.3552
CA-2016-125206,1/3/2016,LR-16915,West,OFF-ST-10003692,114.46,2,28.615
CA-2015-126137,10/3/2015,BS-11755,West,FUR-BO-10004409,120.666,2,18.4548
CA-2014-104780,5/21/2014,BT-11530,West,OFF-AR-10003514,31.84,8,10.5072
